2850 4694
721 580 774 655 184

317 749 501 845 praesentia
528 749 661 835 lamam,
690 749 794 823 immo
820 751 1028 845 potiusnon
1053 751 1168 823 solum

317 887 372 936 me
401 863 446 937 ad
478 881 512 937 te
542 889 675 939 summo
710 863 861 962 quodam
896 865 1009 939 studio
1044 890 1169 962 prose-

316 979 488 1077 quendam
520 979 682 1068 incitavit,
708 980 771 1053 sed
799 981 833 1053 id
860 1006 999 1078 quoque
1028 983 1058 1053 in
1091 1006 1168 1053 om-

317 1095 416 1169 nibus
463 1095 520 1192 qui
567 1095 714 1191 aliquam
762 1096 794 1168 in
842 1097 960 1170 litteris
1009 1096 1166 1193 peritiam

290 1213 369 1293 svel
401 1212 527 1284 habent
558 1213 610 1283 vel
641 1210 839 1286 desiderant
865 1213 1041 1286 conficere
1060 1237 1166 1308 posse

317 1328 440 1424 procul
466 1326 573 1400 dubio
599 1344 752 1424 apparet.
786 1330 887 1428 Quas
920 1329 969 1402 ob
1003 1352 1069 1417 res,
1106 1329 1164 1424 qui

318 1444 387 1529 hoc
421 1466 562 1540 quoque
591 1442 746 1530 verebar,
773 1467 817 1515 ne
847 1444 908 1516 abs
946 1459 980 1516 te
1006 1445 1165 1539 petulans

316 1574 374 1631 aut
408 1557 605 1630 temerarius
652 1556 841 1645 iudicaret,
886 1582 1165 1654 unumquemque

315 1694 419 1770 spero
441 1697 509 1745 non
529 1687 657 1746 tantum
674 1673 978 1770 comprobaturum
1000 1691 1165 1769 quantum

275 1814 304 1852 ιο
315 1787 419 1860 etiam
446 1787 591 1860 maxime
618 1788 897 1886 improbaturum,
915 1788 942 1861 si
967 1787 1048 1861 nihil
1065 1789 1111 1862 ad
1130 1807 1166 1862 te

316 1903 469 1976 scribere
495 1926 679 1976 curassem.
709 1905 800 1977 Nam
827 1927 881 1976 me
899 1903 958 2000 qui
978 1928 1166 2001 quoscum-

316 2043 384 2115 que
401 2015 541 2091 dicendi
560 2017 690 2114 peritos
715 2017 904 2092 admirabili
932 2018 1167 2092 benivolentia

317 2149 521 2231 prosecutus
547 2132 668 2206 luerim
698 2157 740 2206 ae
758 2157 895 2230 semper
911 2158 932 2207 a
950 2151 1070 2207 tenera
1087 2158 1166 2208 mea

314 2266 418 2323 aetate
448 2252 568 2323 horum
603 2249 793 2323 studiorum
831 2272 948 2322 amore
983 2248 1165 2345 flagrarim

272 2390 298 2445 ις
315 2389 383 2437 non
403 2364 434 2436 in
449 2388 586 2462 parvam
601 2363 819 2462 negligentiae
832 2363 1065 2461 suspicionem
1080 2364 1166 2437 inci-

314 2476 406 2553 disse
424 2479 615 2569 crederem,
633 2479 661 2554 si
680 2482 749 2554 hoc
767 2479 847 2551 mihi
861 2503 1069 2575 quamquam
1086 2505 1166 2576 gra-

315 2593 485 2668 vissimum
512 2620 599 2669 onus
616 2619 685 2668 non
712 2594 978 2690 assumpsissem.
1007 2595 1062 2667 Te
1080 2620 1166 2668 vero

361 2909 494 2973 lrlymmo
512 2911 542 2970 C,
560 2923 618 2973 ymo
633 2912 698 2962 GM.
738 2910 773 2973 (ι)
789 2911 858 2975 apud
875 2919 901 2960 te
921 2911 949 2959 V.
983 2911 1095 2972 quodam
1112 2920 1165 2961 stu·

314 2990 358 3039 dio
374 3003 443 3039 emm.
462 2991 515 3038 EV.
548 2990 581 3052 (2.
597 2991 619 3054 ς)
636 2991 847 3054 prosequendum
864 2992 898 3041 G.
932 3005 971 3054 pr.
996 2992 1094 3040 honore
1113 2992 1162 3042 inc

314 3070 367 3117 EV.
401 3069 506 3132 (alsedl
522 3070 556 3119 nd
573 3070 684 3129 com,
708 3084 796 3120 verum
808 3073 836 3120 Ε.
855 3070 889 3133 (5)
907 3070 1011 3119 efficere
1029 3071 1056 3118 Ε.
1083 3084 1165 3133 posse

314 3150 443 3199 conficere
461 3150 524 3199 GM.
559 3149 591 3213 (ὁ)
608 3151 652 3211 qui
669 3163 739 3199 onam.
758 3150 847 3200 CGM.
863 3150 898 3214 (7)
907 3163 960 3211 quo
972 3150 1002 3199 C.
1020 3151 1123 3200 virebat
1134 3153 1162 3201 V.

314 3230 455 3292 petuisse
489 3229 637 3294 (fllacCM.
672 3239 698 3279 te
709 3230 733 3278 in
746 3231 844 3279 erarius
855 3230 1036 3280 iudicaremc
1065 3230 1099 3294 (9)
1111 3244 1164 3280 non

314 3318 364 3358 tam
380 3311 460 3360 Ecv.
494 3310 544 3373 (ιο)
560 3311 645 3371 etiam}
662 3319 689 3360 et
706 3311 791 3360 cm.
825 3311 899 3360 nichil
912 3311 941 3360 C.
976 3311 1164 3374 (tanlquo

313 3391 496 3451 cienscumque
510 3390 544 3440 G.
578 3389 628 3453 (η)
644 3399 819 3453 prosequutus
836 3389 870 3440 lul
886 3403 944 3440 scs.
957 3404 973 3439 ι
984 3391 1121 3439 tenerrima
1133 3393 1163 3440 Ε

314 3471 461 3519 merom&
488 3468 777 3532 (13.14)oetatemerG.
812 3469 861 3533 (14)
873 3469 973 3532 flagravi
991 3470 1019 3518 Ε.
1054 3470 1166 3534 (ψευ-

313 3552 448 3612 spitionem
466 3549 526 3603 CM.
568 3549 616 3611 (ις.
631 3551 667 3612 16)
685 3549 798 3599 incidere
817 3550 849 3597 G.
877 3550 1109 3612 (r7jassumslssem
1128 3551 1163 3599 G,
