2850 4694
665 610 715 657 ttx

264 765 441 863 provincia
467 766 511 842 ad
538 767 646 864 ipsam
664 766 851 859 advolaret,
871 785 907 842 ut
931 768 1006 843 eius
1032 793 1117 842 con·

263 898 387 979 spectu
406 884 517 956 luctus
534 882 749 979 gravissimus
766 885 944 958 levaretur.

314 1000 389 1070 lure
405 997 507 1095 igitur
516 1001 545 1072 F
548 1023 732 1073 uscarenus
742 998 861 1073 dicere
876 1001 987 1097 potuit
999 1025 1037 1074 se
1052 1000 1117 1075 iam

265 1137 334 1185 non
353 1137 418 1210 pro
429 1113 543 1187 alieno
561 1138 651 1203 esse,
665 1114 728 1188 sed
747 1140 849 1188 unum
868 1140 912 1189 ex
932 1116 1118 1213 Nogarolis

264 1226 393 1302 sactum
402 1253 490 1302 esse.
504 1229 546 1302 Et
555 1229 721 1326 optimum
731 1255 814 1304 sane
824 1231 961 1306 samitiae
970 1232 1117 1305 amicum

264 1369 303 1417 se
325 1345 483 1442 praestitit
505 1345 537 1417 in
556 1345 616 1418 lite
634 1346 700 1435 illa,
719 1370 789 1443 qua
805 1371 835 1420 a.
862 1368 947 1446 1453
969 1372 1119 1421 concor·

265 1459 404 1534 dissima
438 1461 641 1559 ceteroquin
683 1461 809 1536 familia
851 1462 1021 1560 dirempta
1054 1480 1116 1536 est.

266 1577 317 1649 Eo
331 1576 422 1649 enim
436 1602 527 1651 anno
541 1577 629 1650 inter
638 1577 757 1651 fratres
768 1577 814 1650 de
823 1577 990 1651 divisione
999 1604 1116 1676 opum,

265 1716 351 1788 quas
368 1715 389 1764 a
406 1709 503 1790 patre
522 1692 717 1766 iamdudum
737 1692 904 1768 defuncto
927 1693 1118 1768 hereditate

265 1826 476 1905 acceperant
492 1825 606 1883 actum
625 1826 689 1898 est,
708 1809 741 1881 in
759 1834 828 1907 qua
845 1809 1012 1884 divisione
1038 1835 1117 1885 cum

266 1923 353 1997 inter
377 1949 416 1997 se
443 1924 589 1999 maxime
615 1924 834 1998 dissentirent
858 1926 890 1998 in
917 1950 963 1999 eo
988 1942 1117 1999 tantum

266 2040 437 2114 nescimus
454 2065 526 2137 quo
548 2041 667 2115 insano
686 2041 800 2114 surore
818 2041 952 2138 impulsi
970 2066 1119 2115 consen-

264 2155 407 2244 tiebant,
425 2172 567 2230 matrem
585 2157 749 2254 optimam
767 2174 804 2230 et
821 2159 945 2230 {sotam
962 2182 1118 2231 sororem

264 2297 307 2345 ex
332 2271 524 2345 hereditate
557 2272 794 2346 excludendas
819 2298 906 2347 esse.
935 2274 1044 2347 Cuius
1070 2273 1118 2347 rei

265 2387 355 2461 sama
373 2411 450 2460 cum
460 2386 505 2461 ad
516 2389 544 2460 F
547 2388 701 2461 uscareni
711 2413 810 2461 aures
820 2389 1042 2486 pervenisset,
1051 2406 1120 2462 sta·

265 2503 324 2575 tim
342 2502 519 2576 constituit
535 2503 650 2576 omnia
663 2503 822 2601 experiri,
838 2521 873 2577 ut
886 2505 1016 2593 fratres,
1030 2529 1119 2601 quos

265 2635 302 2692 et
336 2618 430 2715 ipsos
455 2620 592 2691 amabat
617 2621 840 2717 colebatque,
866 2621 910 2692 ab
937 2619 1042 2716 impio
1069 2619 1119 2690 in-

265 2749 371 2831 ceptu
390 2749 581 2807 revocaret.
601 2733 744 2831 Scripsit
760 2760 846 2831 ergo
859 2734 903 2808 ad
919 2737 1118 2832 Belpetrum

268 2852 491 2937 Munelmam‚
502 2873 545 2921 ne
563 2850 665 2921 vellet
676 2849 893 2922 Leonardum
906 2875 1071 2947 generum
1086 2849 1118 2921 in

265 2965 439 3039 severiore
456 2965 626 3039 sententia
645 2965 837 3063 persistere.
861 2966 1004 3064 Scripsit
1016 2965 1118 3039 etiam

265 3080 310 3155 ud
330 3081 536 3155 Demianum
553 3083 715 3178 Burgum,
733 3081 914 3178 probatum
931 3083 1119 3178 Nogarolae

266 3196 403 3271 semiliae
436 3196 594 3285 amicum,
621 3221 771 3293 eumque
800 3197 902 3271 etiam
933 3199 1120 3273 Zeneverte

268 3311 496 3409 Brunoriique
535 3314 722 3386 Gambarae
753 3312 891 3385 nomine
925 3314 1057 3402 orabat,
1084 3329 1121 3385 ut

267 3427 405 3500 sretrum
435 3428 511 3502 lites
536 3444 775 3525 componeret.
812 3428 977 3525 Denique
1011 3428 1119 3525 ipsam

266 3545 404 3633 lectam,
434 3568 513 3641 quae
543 3543 686 3641 primum
717 3543 868 3618 nuntium
902 3543 948 3618 de
982 3543 1119 3618 fratrum
