2850 4694
831 610 871 665 44

427 759 685 835 admirationem
711 779 888 851 auxerunt,
915 762 1010 858 quod
1034 764 1191 836 mulieres
1209 789 1279 837 non

428 875 569 950 seminas
587 876 694 950 modo
712 877 834 951 virtute
850 878 913 951 sed
930 895 967 952 et
983 878 1072 951 viros
1086 878 1279 952 anteirent?

428 992 566 1092 Quibus
584 1017 628 1066 ex
645 995 748 1066 rebus
765 993 865 1066 statui
883 994 975 1067 omni
990 995 1130 1067 abiecto
1143 994 1279 1091 pudore

428 1109 488 1181 has
514 1134 620 1207 nugas
645 1109 688 1183 ad
712 1126 746 1182 te
763 1107 857 1197 dare,
876 1110 1038 1206 quoniam
1058 1136 1125 1183 non
1144 1110 1278 1207 ignom,

401 1252 410 1302 t
426 1224 522 1321 quod
549 1242 582 1298 tu
611 1250 690 1299 meo
708 1249 772 1321 pro
790 1226 924 1298 honore
942 1226 1062 1298 horum
1080 1225 1278 1322 pusillorum

425 1363 469 1413 ac
499 1340 732 1413 malivolorum
763 1340 903 1414 invidias
938 1358 973 1413 et
1006 1340 1279 1414 obtrectationes

426 1473 624 1552 prosternes
653 1472 758 1552 atque
788 1458 939 1544 obteres‚
970 1457 1058 1529 etsi
1086 1456 1162 1554 quis
1188 1456 1278 1528 lorte

427 1570 527 1644 luerit
544 1571 601 1669 qui
620 1571 700 1643 mihi
718 1572 845 1645 obesse
862 1571 953 1661 velit,
969 1596 1037 1644 non
1052 1571 1183 1661 dubito,
1195 1571 1276 1669 quin

426 1702 517 1759 tuam
544 1686 828 1760 consuetudinem
856 1711 899 1760 ac
916 1686 1152 1760 liberalitatem
1171 1687 1203 1758 in
1222 1711 1278 1760 me

384 1830 414 1866 ιο
426 1802 569 1874 absente
587 1800 809 1875 defendenda
822 1801 902 1874 mihi
917 1818 1070 1899 praestes.
1092 1802 1276 1898 Reliquum

426 1933 490 2005 est,
518 1933 613 1990 utet
639 1917 689 1990 his
716 1916 878 1990 inornatis
904 1916 1022 1990 litteris
1041 1933 1075 1989 te
1093 1917 1277 1990 certiorem

426 2030 580 2122 reddam,
607 2057 709 2129 quam
740 2058 811 2130 ope
837 2049 894 2104 tua
924 2056 1057 2130 egeam,
1088 2056 1165 2104 cum
1197 2031 1277 2103 mihi

426 2145 729 2244 impraesentiarum
768 2149 842 2220 sola
875 2146 1024 2243 pecunia
1053 2144 1152 2236 desit,
1185 2163 1221 2219 ut
1249 2146 1277 2219 si

425 2285 541 2335 earum
569 2262 769 2336 seminarum
788 2287 873 2360 quas
890 2287 993 2359 supra
1010 2262 1194 2336 memoravi
1214 2288 1278 2335 no·

384 2408 409 2460 ις
426 2377 505 2450 mini
526 2396 631 2477 atque
649 2379 800 2476 collegio
817 2379 1028 2452 annumerari
1047 2404 1116 2451 non
1133 2379 1277 2466 valeam,

424 2495 544 2567 saltem
572 2520 634 2592 per
651 2494 793 2592 vestigia
809 2519 871 2568 sua
888 2493 1078 2567 decurram.
1109 2492 1277 2575 Decades

426 2609 499 2682 tivi
527 2610 679 2684 Patavini
707 2612 808 2684 bellae
833 2627 938 2706 atque
961 2609 1200 2707 pulcherrimae
1218 2633 1277 2681 ve

387 2732 396 2757 ⁸
425 2726 632 2801 numdandae
658 2726 737 2799 mihi
764 2727 797 2799 in
824 2726 978 2800 manibus
1002 2741 1090 2815 sunt,
1120 2724 1164 2798 ad
1191 2748 1276 2820 quas

426 2842 602 2916 habendas
636 2841 881 2940 quinquaginta
914 2866 958 2913 ex
992 2840 1120 2914 scrinio
1141 2840 1276 2914 haurire

381 2987 413 3023 ιο
425 2981 549 3032 aureos
575 2957 654 3030 mihi
680 2983 769 3055 opus
794 2974 896 3044 esset,
920 2982 1008 3053 quos
1034 2980 1112 3028 cum
1131 2981 1199 3029 non
1218 2981 1276 3029 va·

425 3075 524 3164 leam,
547 3073 592 3148 ad
610 3091 644 3147 te
662 3073 827 3171 confugio
845 3089 881 3145 et
897 3075 1044 3170 supplex
1062 3088 1119 3143 tua
1136 3096 1276 3144 munera

426 3212 546 3284 posco.
567 3189 649 3262 Scio
662 3188 752 3261 enim
767 3187 1031 3263 benivolentiam
1048 3203 1084 3259 et
1097 3185 1274 3259 caritatem

473 3488 523 3551 (ro)
538 3488 767 3538 delendendamc
799 3487 849 3551 (ιγ)
866 3488 1025 3551 pulcherime
1043 3488 1073 3536 C
1108 3487 1157 3549 (19)
1175 3502 1206 3536 ex
1220 3488 1275 3537 Cri·

426 3582 501 3616 mona
511 3569 572 3627 cod,
585 3581 641 3618 corr.
659 3567 769 3617 Mandas
791 3567 926 3617 Tnervmulr
941 3582 958 3616 a
974 3581 1009 3617 me
1025 3566 1151 3617 consultus.
