2850 4694
672 590 736 639 xtn

278 743 374 844 quod
388 744 542 819 nimirum
556 744 679 820 eadem
698 770 754 820 res
770 744 904 821 eisdem
922 745 1034 820 verbis
1051 771 1132 843 pro-

276 861 344 934 lata
360 859 559 956 frequenter
576 860 609 932 in
626 861 677 934 eis
693 878 854 935 occurrat
867 878 903 934 et
916 859 1039 934 eadem
1060 860 1131 935 lere

276 975 451 1075 scripserit
467 974 512 1049 ad
529 1000 650 1049 omnes
668 975 758 1050 viros
776 975 939 1073 dignitate
966 977 1018 1049 vel
1046 975 1132 1050 doc-

276 1091 363 1164 trina
379 1107 581 1190 praestantes
598 1110 634 1164 et
650 1090 694 1165 ad
709 1091 849 1165 iuvenes
863 1093 1027 1164 bonarum
1041 1092 1131 1165 litte-

275 1231 385 1281 rarum
402 1205 517 1281 studio
543 1205 681 1281 deditos
709 1248 753 1260 -
781 1207 856 1280 illos
877 1208 966 1281 enirn
993 1231 1131 1305 semper

275 1322 432 1399 laudibus
450 1323 678 1421 prosequitur,
698 1324 762 1396 hos
787 1321 831 1396 ad
857 1322 1042 1396 litterarum
1060 1342 1130 1396 stu-

274 1437 367 1513 dium
385 1440 538 1512 hortatur
556 1479 600 1490 —
620 1463 688 1512 non
707 1440 809 1511 lsotae
831 1437 1014 1535 ingenium,
1034 1437 1129 1536 quod

274 1554 413 1629 summis
429 1551 585 1628 laudibus
598 1555 642 1627 ab
654 1553 813 1627 omnibus
827 1555 1037 1627 celebratum
1051 1579 1129 1627 esse

274 1668 430 1759 vidimus,
448 1667 510 1743 sed
528 1693 631 1743 sexus
648 1668 761 1767 potius
779 1668 969 1767 culpandus
987 1687 1050 1758 est,
1069 1671 1127 1768 qui

274 1810 351 1859 eam
370 1785 402 1859 in
419 1785 594 1885 publicum
613 1785 751 1882 prodire
769 1785 876 1858 vetuit
892 1803 928 1858 et
945 1785 1128 1884 quominus

275 1901 440 2001 epistolas
466 1927 535 1975 non
559 1904 668 1975 solum
686 1901 860 1975 scribendi
878 1903 1048 1999 elegantia
1065 1903 1127 1976 sed

275 2043 386 2093 rerum
417 2042 559 2116 quoque
589 2017 800 2115 ponderibus
831 2018 982 2091 lectione
1007 2017 1129 2115 dignas

274 2149 431 2209 exararet
455 2133 639 2232 prohibuit.
670 2133 887 2223 Accedebat,
914 2135 1009 2232 quod
1031 2151 1127 2233 post-

274 2275 377 2347 quam
411 2252 585 2323 Veronam
619 2275 756 2324 reversa
789 2267 842 2324 est
871 2251 925 2324 vix
955 2249 999 2324 ad
1022 2275 1124 2348 quem

273 2366 401 2440 litteras
426 2365 525 2439 daret
550 2367 709 2439 habebat.
739 2368 829 2439 Nam
860 2390 938 2440 cum
969 2367 1027 2439 viri
1049 2392 1126 2465 gra-

273 2480 409 2570 vissimi,
445 2481 649 2554 Franciscus
682 2496 718 2554 et
755 2483 963 2556 Hermolaus
998 2485 1126 2556 Barba-

273 2620 339 2686 rus,
366 2595 539 2669 Guarinus
565 2595 786 2684 Veronensis,
814 2599 960 2671 lacobus
994 2599 1126 2672 Fosca-

273 2712 1124 2804 rus,AntoniusBonromeus,FeltrinusBoiardus,

273 2827 417 2900 lulianus
457 2827 614 2901 Cesarini
652 2845 689 2902 et
728 2830 755 2901 F
758 2829 934 2902 ranciscus
968 2829 1125 2903 Condul-

273 2942 398 3017 merius
435 2967 511 3017 eam
555 2968 622 3017 non
664 2943 834 3018 adhortati
877 2945 944 3018 sint
986 2963 1021 3018 ut
1053 2968 1124 3017 am·

273 3058 360 3157 plius
384 3057 428 3132 ad
446 3083 484 3132 se
510 3058 637 3133 litteras
662 3058 771 3150 daret,
798 3085 912 3158 neque
929 3085 1005 3134 eam
1023 3058 1123 3133 valde

272 3174 466 3248 delectasse
491 3172 668 3248 videantur
694 3175 851 3250 iuvenum
882 3174 1121 3265 studiosorum,

275 3289 477 3389 Hieronymi
506 3291 661 3381 Guarini,
688 3292 814 3366 Tobiae
842 3291 956 3388 Burgi,
985 3291 1122 3364 Nicolai

272 3405 421 3496 Venerii,
446 3406 583 3480 Nicolai
615 3407 718 3481 Barbi
744 3407 876 3498 litterae,
904 3408 969 3481 iam
1004 3405 1122 3504 paucis

272 3520 444 3594 mensibus
490 3538 672 3619 postquam
719 3522 883 3596 Venetias
924 3537 1121 3595 accesserat
