2850 4694
611 923 769 994 xxvssl.

531 1178 664 1240 (venetiis,
680 1192 747 1228 anno
764 1177 844 1241 1439.)

262 1406 351 1477 Isoto
368 1402 539 1500 Nogorolo
552 1400 830 1476 Reverendissimo
843 1400 874 1474 in
884 1401 1010 1476 Cirn'sto
1023 1404 1112 1476 Potn

303 1527 334 1591 et
345 1517 492 1592 Domino
504 1516 651 1591 Domino
659 1517 832 1591 Francisco
846 1517 1017 1592 cardinali
1031 1543 1072 1592 ac

421 1632 585 1732 Episcopo
609 1633 783 1707 Veronensi
795 1635 828 1708 S.
848 1637 897 1708 D.
916 1636 954 1707 P.
1144 1675 1154 1722 ς

274 1972 275 1975 =
443 1949 550 1999 annm
565 1950 621 1999 me
634 1925 770 2023 legisse,
784 1942 882 2023 pater
898 1925 1113 2001 reverendis·

277 2053 281 2065 ¹
339 2045 354 2084 '⁰
377 2029 388 2087 2
466 2040 563 2132 sime,
585 2039 769 2116 Ciceronis
794 2065 872 2117 esse
897 2042 1113 2150 sententiam,

324 2164 370 2243 ᾖ
387 2176 429 2242 ,Χ
467 2157 568 2229 malle
596 2181 634 2230 se
668 2156 863 2232 indisertam
897 2144 1113 2256 prudentiam

264 2295 366 2369 quam
391 2272 526 2344 stultam
545 2271 801 2368 loquacitatem,
820 2272 971 2349 cuicum
997 2299 1113 2350 assen-

264 2387 373 2476 tirem,
392 2387 503 2461 multis
521 2403 557 2461 ut
574 2386 618 2461 ad
631 2405 666 2461 te
683 2387 871 2463 scriberem
889 2391 1113 2482 hortantibus
1130 2429 1159 2466 ιο

263 2502 486 2578 decreveram
513 2503 655 2578 omnino
680 2520 809 2596 tacere,
835 2506 932 2581 sexui
958 2530 1039 2580 meo
1052 2505 1114 2580 mi·

313 2847 404 2898 Collati
420 2856 494 2898 sunt:
511 2847 602 2898 Codex
618 2846 826 2898 vindobonensis
838 2860 875 2896 nr.
891 2847 947 2908 3481
965 2847 1017 2913 (C),
1036 2848 1115 2900 Guel-

265 2929 411 2993 ferbytanus
427 2926 482 2994 (G),
503 2929 665 2979 Monacensis
675 2927 734 2993 (m,
753 2928 910 2978 Veronensis
921 2926 966 2992 (V)
990 2937 1017 2978 et
1033 2928 1115 2979 editio
1204 2946 1209 2953 ·

264 3024 288 3060 a.
309 3010 369 3069 1846
383 3007 433 3074 (Β).

314 3088 348 3152 (ι)
364 3090 441 3139 laotta
458 3087 511 3148 BV,
535 3088 631 3138 Ysothn
654 3088 687 3137 G.
722 3087 852 3152 Nagoratn
868 3089 901 3138 G.
936 3089 1001 3138 Rev.
1014 3087 1068 3153 (κίε)
1084 3088 1112 3138 Ε.

266 3169 301 3232 (4)
321 3168 357 3229 et]
373 3181 404 3218 ac
421 3167 451 3227 C,
469 3167 615 3218 omnnGM.
650 3167 763 3218 Domino
786 3182 833 3218 orn.
852 3169 885 3218 G.
916 3167 1062 3218 Fsrancisco
1080 3170 1113 3218 G.

267 3249 308 3297 Fr.
322 3247 508 3297 Condulmerio
525 3246 602 3296 Card.
615 3248 644 3296 E.
663 3247 723 3311 (45)
733 3247 916 3298 Fano-Ver.
925 3261 972 3297 ont.
985 3249 1012 3297 V.
1031 3248 1114 3311 (Ωιι)

266 3335 292 3376 et
314 3329 377 3388 GM,
395 3341 442 3377 om.
458 3328 486 3376 E.
530 3327 635 3377 Verane
663 3325 693 3386 C,
720 3327 808 3377 versis
833 3328 866 3377 G.
902 3329 935 3376 D.
957 3329 986 3376 Ρ.
1010 3342 1056 3376 orm
1083 3328 1113 3377 C.

266 3407 301 3471 (8)
318 3410 382 3458 male
403 3408 431 3456 V.
452 3421 482 3457 se
497 3408 571 3457 malle
588 3407 622 3456 G.
655 3406 810 3457 indesertam
827 3407 914 3458 CGM.
949 3407 983 3472 (9)
1000 3407 1051 3469 cui]
1066 3407 1114 3457 &c

266 3488 307 3537 cui
320 3490 353 3538 G.
371 3488 439 3551 cum]
451 3489 515 3548 utE,
534 3501 584 3538 non
602 3488 658 3540 GV.
692 3487 725 3552 (9.
744 3488 782 3551 ιο)
790 3488 915 3539 mentire
922 3488 960 3539 Μ.
995 3486 1116 3552 (roheri-

267 3567 331 3616 bere
346 3568 531 3618 hortationibus
548 3569 581 3618 G.
