2850 4694
712 550 770 623 264

314 722 435 821 pignus
460 721 524 796 sibi
550 719 684 818 reliqui,
711 717 804 793 brevi
827 715 999 815 pollicitus
1016 739 1090 788 sum
1110 739 1162 787 re

312 839 407 913 verti.
427 836 586 911 Admone
604 835 704 933 igitur
720 835 841 931 ipsum,
856 849 892 905 ut
904 856 942 905 se
955 831 1117 928 accingat
1128 847 1164 904 et

313 970 412 1053 paret
429 952 550 1026 iturum
568 950 612 1025 ad
630 948 805 1024 visendam
822 972 988 1022 sororem.
1010 949 1162 1020 Demum

313 1088 350 1143 ut
375 1094 447 1168 quo
476 1066 582 1141 modo
608 1089 751 1165 quoque
776 1066 867 1138 vultu
886 1063 1008 1136 suimus
1024 1062 1163 1160 accepti

271 1215 280 1267 ς
313 1183 373 1258 tibi
400 1201 517 1257 notum
543 1182 596 1272 sit,
623 1207 667 1256 ex
693 1183 763 1254 hoc
793 1180 867 1277 ipsa
895 1178 1161 1276 comprhendes.

315 1301 405 1374 Nam
432 1299 477 1373 de
502 1298 650 1372 adventu
669 1308 793 1370 nostro
813 1293 1007 1368 admonitus
1031 1296 1163 1367 Bruno

313 1415 382 1489 rius
400 1414 551 1513 premisit
568 1412 668 1487 nobis
685 1411 821 1486 obviam
838 1411 924 1485 citra
941 1410 1162 1484 Caluisanum

313 1530 458 1604 famulos
485 1531 599 1627 plures
623 1528 720 1601 simul
749 1544 786 1601 et
807 1527 994 1623 armigeros
1019 1525 1163 1622 aliquot,

313 1661 401 1742 quot
416 1669 481 1718 nos
497 1645 542 1718 ab
560 1643 714 1717 hostibus
732 1642 817 1716 tueri
835 1658 871 1716 et
889 1659 1009 1740 tegere
1025 1641 1164 1716 suffice

271 1791 301 1827 ιο
314 1776 398 1833 rent.
419 1761 462 1833 Et
477 1783 557 1833 sero
565 1757 785 1832 Caluisanum
800 1757 948 1848 advecti,
963 1757 1091 1832 ibidem
1101 1759 1164 1830 ho

313 1874 438 1972 spitati
473 1873 664 1948 honorifice
698 1873 888 1947 cubuimus.
927 1875 1076 1947 Postero
1106 1873 1164 1945 die

314 2014 392 2063 cum
403 2014 465 2087 per
474 1989 537 2063 tria
546 1989 686 2063 miliaria
695 2013 806 2086 prope
819 1991 957 2063 Pratum
972 1990 1164 2087 Albuynum

314 2105 534 2194 venissemus,
581 2105 769 2178 invenimus
816 2103 915 2178 nobis
956 2122 1165 2178 occurentes

313 2245 520 2318 generosum
549 2219 737 2294 Marsilium
764 2238 800 2293 et
827 2219 1029 2293 Brunorium
1061 2221 1165 2292 multa

272 2368 298 2420 ις
315 2335 517 2409 famulorum
535 2350 571 2408 et
589 2335 727 2407 militum
746 2333 895 2430 stipante
913 2350 1061 2408 caterva.
1091 2336 1164 2434 Qui

316 2476 379 2525 nos
397 2451 429 2523 in
447 2453 625 2549 amplexus
642 2449 821 2548 capientes
839 2451 943 2524 multa
960 2451 1166 2523 Camerario

315 2565 378 2641 sed
395 2565 477 2639 mihi
485 2569 606 2641 oscula
616 2567 712 2664 plura
722 2567 838 2639 fixere.
851 2563 1009 2639 Tandem
1020 2565 1166 2663 implici-

316 2681 358 2756 tis
375 2681 530 2756 manibus
548 2681 653 2755 iuncti
671 2681 716 2755 ad
729 2705 845 2755 arcem
859 2679 1023 2756 conducti
1037 2705 1165 2770 sumus,

315 2795 362 2872 de
386 2796 564 2895 genitrice,
581 2796 628 2870 de
652 2795 791 2870 Antonii
814 2795 923 2870 lratris
939 2797 1049 2870 salute
1066 2819 1167 2870 recu-

272 2944 304 2980 ιο
316 2929 446 3011 perata,
481 2911 527 2985 de
560 2929 596 2984 te
629 2911 824 3008 ceterisque
860 2911 1016 2986 fratribus
1050 2912 1167 2987 aede

316 3027 421 3101 levira
433 3029 573 3099 multum
586 3050 780 3100 sermonem
795 3028 971 3100 habentes.
987 3027 1057 3100 Ubi
1067 3029 1167 3124 equis

316 3142 478 3217 declinati
503 3141 584 3214 dum
610 3140 655 3216 ad
673 3142 757 3215 atria
772 3166 926 3238 gressum
944 3159 1166 3231 verteremus,

316 3258 449 3332 obstitit
475 3257 574 3331 nobis
600 3283 715 3333 macra
732 3275 768 3332 et
784 3258 920 3355 gracilis
938 3259 1096 3332 Zenebra
1112 3284 1166 3332 ru·

366 3520 400 3582 (9)
417 3527 478 3582 teg.
494 3555 499 3566 .
515 3556 520 3566 .
537 3519 567 3569 C.
