2850 4694
637 545 747 596 cmv

266 700 348 764 petris
363 697 406 751 del
424 700 500 751 Friuli
516 714 533 751 e
549 702 618 750 nello
634 708 719 752 stesso
734 715 802 752 snno
818 701 844 751 lu
861 702 989 753 nominsto
999 702 1118 766 ospitsno

266 779 598 844 epodecthdil'rcubo.
618 817 624 830 .
643 817 650 830 .
671 783 720 831 Nel
741 782 1118 845 1423lucspiunost³idovs

266 875 283 911 e
305 859 453 926 suogsdore
475 856 501 908 di
523 860 625 911 comm
645 873 663 910 e
678 868 719 910 trs
731 872 760 922 ⁴1
778 862 883 911 elettori
899 862 943 912 del
956 861 1025 926 doge
1043 864 1119 912 Fren-

265 955 345 992 cesco
367 941 480 992 Foscsri.
511 941 562 990 Nel
591 942 651 1001 πρό
674 941 731 1004 [sic]
754 941 780 991 lu
803 943 931 993 nomineto
953 943 1064 1006 podestl
1091 944 1117 995 di

266 1023 377 1072 verone
404 1021 509 1072 Benche
532 1028 616 1071 morto
633 1021 668 1071 ds
683 1029 754 1071 lsnto
770 1030 867 1085 tempo,
886 1021 911 1072 lu
928 1023 1072 1075 introdotto
1085 1024 1119 1074 ds

267 1102 346 1151 isotts
368 1101 501 1164 Nogsrols
516 1101 540 1149 ln
558 1113 591 1150 un
606 1112 655 1149 suo
671 1099 775 1164 dialogo
790 1101 814 1149 in
831 1101 872 1152 cui
889 1113 949 1151 csse
964 1103 986 1152 si
1002 1115 1119 1165 propose

265 1180 292 1231 dl
309 1194 420 1244 protere
433 1182 483 1232 che
499 1194 550 1231 non
565 1179 599 1231 sd
616 1183 668 1231 lius
684 1194 724 1230 ms
739 1181 773 1232 sd
791 1181 891 1232 Ademo
908 1182 1120 1232 sidovevscttri·

266 1261 341 1311 buire
357 1262 470 1326 mugglor
485 1264 561 1325 colpe
577 1260 621 1311 del
638 1269 749 1324 peccsto
764 1262 912 1326 originalem

318 1336 343 1377 ⁶⁶
359 1344 402 1392 De
418 1341 522 1393 duobus
537 1341 629 1406 d'utlogi
646 1342 779 1393 codicibus
795 1343 819 1391 ln
837 1342 997 1393 Bibliotheca
1010 1343 1120 1393 Ambro-

264 1424 335 1473 sisns
350 1423 486 1473 ssscrvstis
512 1422 532 1486 (l
552 1434 581 1487 5⁴
596 1422 638 1472 inl.
655 1431 682 1472 et
698 1422 725 1485 Q
741 1423 780 1471 68.
798 1423 868 1486 sup.)
885 1425 941 1474 hoc
956 1425 987 1472 Α.
1006 1422 1117 1483 celiani,

266 1503 431 1554 bibliotheca
446 1503 586 1566 protectus
592 1503 772 1553 illustrissimus
787 1503 923 1553 sciscitanti
939 1503 997 1552 milti
1012 1503 1121 1566 rescrip

266 1585 315 1633 silt
337 1584 516 1635 uconcorduoo
540 1583 581 1633 nei
602 1584 717 1646 principii
734 1598 750 1633 e
766 1586 833 1633 nelle
847 1584 888 1632 tini
904 1582 947 1632 dei
964 1582 1016 1632 due
1041 1584 1120 1634 lsvori

266 1665 445 1716 coll'cdlsione
469 1664 585 1714 venetiis
602 1665 660 1728 ¹5⁶³
678 1663 739 1715 lette
754 1663 789 1713 ds
803 1663 880 1724 tlldo,
894 1665 951 1713 enti
968 1678 1031 1727 pure
1047 1665 1120 1714 sisno

265 1744 320 1795 due
347 1744 424 1808 copie
449 1752 527 1795 trutte
553 1743 741 1804 dull'edizione‚
765 1745 816 1795 che
838 1744 861 1792 vi
884 1743 901 1794 δ
928 1745 1054 1795 nomincts
1077 1747 1120 1794 nel

266 1824 392 1887 principio
417 1824 460 1875 dei
486 1823 539 1874 due
567 1825 645 1873 Mssa
675 1824 754 1874 Etiam
781 1826 804 1872 in
832 1824 924 1875 codice
948 1824 1119 1876 Bibliotheca

267 1904 496 1955 Cemeldulensium
522 1905 671 1955 Monssterii
694 1906 779 1955 Ssncti
804 1906 937 1955 Michselis
953 1907 1117 1956 Venellorum

267 1998 352 2048 prope
380 1985 524 2035 Murisnum
549 1998 657 2035 numero
680 1996 725 2044 721
751 1994 839 2036 notsto
866 1986 1001 2050 legebstur
1019 1987 1120 2036 uDislo

267 2080 314 2130 με
341 2075 425 2117 utrum
450 2067 532 2117 Adsm
558 2066 610 2116 vel·
625 2067 700 2117 llevs
725 2067 802 2130 magis
826 2068 982 2130 peccaverit,
1008 2067 1121 2131 Questio

266 2147 327 2197 setis
354 2155 415 2197 note
440 2145 488 2196 sed
511 2159 562 2196 non
591 2144 661 2196 sdeo
692 2147 841 2210 explicem,
870 2160 948 2210 quem
972 2160 1004 2197 ex
1030 2146 1121 2198 Aldine

267 2227 380 2277 editione
402 2224 560 2289 descriptum
583 2239 644 2276 esse
660 2239 718 2277 cum
734 2225 828 2290 dialogi
844 2226 919 2276 titulo
934 2234 987 2276 tum
1003 2240 1038 2277 eo
1054 2241 1121 2290 prm-

267 2308 354 2356 sertim
385 2306 519 2370 probetur,
547 2306 619 2369 quod
648 2306 673 2356 in
697 2306 791 2357 eodem
818 2307 911 2358 codice
938 2307 1019 2357 inerst
1044 2308 1122 2357 lsotm

268 2387 351 2451 elegis
376 2387 433 2436 uDe
457 2385 575 2436 leudibus
599 2386 695 2450 Cycnei
712 2386 790 2436 ruris·
808 2386 898 2437 iisdem
914 2388 1031 2437 uersibus
1045 2388 1121 2438 inter·

268 2468 362 2530 polsls,
386 2467 431 2529 qui
454 2467 477 2515 in
502 2464 617 2516 editione
641 2466 732 2516 Aldine
754 2481 769 2517 s
789 2468 925 2517 Francisco
942 2467 1074 2530 Nogsrols
1088 2468 1122 2518 sd

268 2560 339 2597 susm
350 2545 443 2611 dislogi
454 2547 631 2596 recensionem
641 2554 790 2609 spectantes
801 2547 888 2597 inserti
899 2550 1025 2611 leguntur.
1041 2547 1122 2610 Quod

269 2640 301 2676 ex
317 2627 355 2677 his
371 2626 509 2677 Mitterellil
525 2625 560 2677 de
576 2627 670 2677 Castro
681 2627 772 2676 Αιιιηί
782 2626 1006 2690 uerbissppsret:
1020 2628 1121 2678 aLocus

269 2715 325 2757 erst
351 2706 498 2757 deliciorum
526 2705 666 2770 Nogurolm
693 2706 799 2766 lsmillus,
825 2706 868 2755 ubi
893 2705 969 2756 etism
994 2705 1121 2755 institutus

268 2793 296 2836 et
313 2785 413 2836 hebltus
422 2786 469 2836 luit
479 2784 641 2848 supradictus
652 2784 792 2850 dislogus.»
806 2787 883 2837 Hunc
893 2793 978 2836 sutem
990 2786 1118 2845 codicem,

268 2880 346 2930 quem
361 2866 476 2917 venetiis
487 2866 511 2916 in
524 2866 683 2917 bibliothece
696 2867 825 2918 Mercisnc
835 2866 929 2916 lrustrs
945 2865 1117 2927 quesivimus,

270 2948 307 2997 lo.
320 2947 394 3010 Bupt
407 2945 517 2996 Csrolus
533 2945 637 2997 Giulisri
651 2947 675 2996 in
692 2944 922 2996 camaldulensium
939 2945 1119 2995 monesterium

268 3024 341 3090 quod
364 3028 456 3078 Rome
478 3032 526 3087 est,
551 3033 578 3076 et
593 3024 653 3076 inde
669 3026 694 3075 in
711 3026 892 3077 bibliothecam
908 3039 968 3088 quae
984 3039 1000 3075 s
1015 3026 1121 3075 Victore

270 3107 409 3157 Bmsnuele
432 3107 509 3156 ltslic
535 3119 599 3171 rege
624 3119 716 3156 nomen
738 3106 841 3169 sccepit
863 3104 975 3155 deletum
998 3118 1058 3155 esse
1081 3117 1123 3154 su·

269 3188 390 3252 spicstur.
403 3188 526 3250 Denique
537 3186 613 3237 etism
621 3187 690 3250 spud
698 3187 846 3238 Giulisrium
855 3201 878 3235 v.
889 3185 914 3236 d.
926 3194 994 3236 cxtst
1003 3184 1122 3235 editionis

270 3267 369 3318 Aldina
384 3271 560 3333 spogrsphum
572 3270 669 3320 uculo
685 3268 767 3317 xvll.
786 3267 939 3327 coniectum,
957 3267 998 3317 cui
1022 3279 1082 3328 quc
1105 3280 1121 3315 e

270 3350 334 3400 lullo
344 3350 450 3400 Cesnre
465 3350 580 3414 Cspscio
590 3350 614 3399 ln
633 3349 781 3398 «illustrium
797 3348 930 3397 mulierum
947 3354 974 3396 et
990 3347 1122 3396 illustrium

269 3429 358 3480 litteris
379 3431 491 3480 uirorum
515 3430 623 3494 Elogiist
647 3429 770 3494 (Nespoli
795 3428 861 3477 1608.
886 3442 911 3490 p.
931 3428 987 3489 205)
1003 3427 1037 3475 de
1055 3427 1123 3475 lsots

270 3510 364 3572 scriptu
379 3518 438 3560 sunt
453 3511 583 3574 premisse
599 3513 725 3573 leguntur.
