2850 4694
837 596 888 640 122

435 748 529 822 tudo.
570 750 661 824 Cum
700 749 790 823 enim
826 750 857 822 in
894 766 1003 824 tantas
1038 774 1154 823 manus
1189 774 1283 823 meas

435 882 656 962 perventuras
682 850 843 939 litterulas
869 866 1184 956 animadverterem,
1202 890 1285 939 acu-

435 981 596 1055 tissimum
623 999 770 1055 vestrum
788 981 834 1056 de
856 1008 911 1056 me
937 982 1099 1056 iudicium
1126 983 1283 1072 maxime,

435 1095 556 1187 fateor,
572 1123 639 1170 non
654 1096 838 1171 formidare
852 1123 920 1170 non
934 1116 1102 1195 poteram,
1117 1121 1194 1170 cum
1207 1122 1284 1194 gra-

409 1243 418 1295 ς
434 1212 568 1286 vissima
583 1212 710 1310 scripta
724 1229 846 1303 vestra,
861 1238 941 1310 quae
959 1230 1035 1286 toto
1049 1213 1113 1286 iam
1128 1214 1213 1286 orbe
1227 1238 1284 1286 va·

432 1345 564 1426 gantur,
588 1328 748 1425 ingenioli
776 1329 842 1402 mei
861 1320 948 1402 vires
976 1329 1113 1403 metirer
1130 1328 1281 1425 exiguas.

434 1445 600 1518 Ceterum
635 1469 713 1518 cum
741 1446 810 1517 hoc
845 1460 1003 1542 tempore
1035 1469 1143 1542 genus
1175 1444 1282 1540 ipsum

434 1577 470 1634 et
498 1563 699 1658 praeclaram
734 1560 884 1634 indolem
915 1578 1060 1634 vestram
1093 1560 1284 1634 accuratius

433 1675 565 1749 intuear
598 1675 883 1774 prudentiamque
910 1678 1136 1773 contempler,
1163 1675 1284 1748 attollit

392 1822 421 1857 10
434 1817 489 1865 me
506 1817 587 1888 spes
605 1791 764 1888 quaedam
784 1790 1000 1889 benignitatis
1017 1808 1052 1865 et
1070 1791 1285 1865 humanitatis

433 1925 568 1996 vestrae,
595 1930 674 2002 quae
701 1932 756 1980 me
774 1906 985 2003 potissimum
1003 1906 1048 1980 ad
1065 1904 1284 1980 scribendum

434 2020 638 2119 intrepidum
668 2022 845 2119 compulit.
883 2024 931 2094 Ex
962 2048 1007 2095 eo
1037 2021 1127 2095 enim
1155 2046 1285 2119 genere

433 2137 594 2211 oriundas
629 2162 697 2210 non
732 2136 867 2210 nescius
900 2162 985 2227 sum,
1018 2136 1114 2233 quod
1148 2161 1286 2233 semper

435 2253 643 2327 humanitate
677 2268 712 2326 et
746 2277 855 2325 rerum
900 2252 1080 2349 magnifice
1112 2269 1286 2350 gestarum

394 2400 419 2452 15
434 2369 543 2466 gloria
572 2385 607 2442 et
625 2367 885 2442 clarissimorum
904 2367 1050 2440 virorum
1080 2367 1286 2441 excellentia

436 2485 548 2557 floruit
565 2501 601 2557 et
618 2485 664 2557 ita
689 2483 812 2572 floruit,
832 2499 867 2555 ut
889 2508 951 2580 per
978 2500 1029 2555 tot
1054 2481 1194 2556 ductum
1226 2484 1287 2555 he

435 2623 514 2672 rous
544 2599 694 2695 antiquae
711 2601 755 2673 ab
773 2599 904 2696 origine
928 2598 1040 2696 gentis
1067 2599 1207 2671 celebre
1225 2597 1287 2671 ad-

436 2717 503 2789 lluc
538 2715 880 2812 potentissimumque
913 2732 949 2787 et
979 2713 1148 2813 singulare
1181 2715 1286 2787 ltaliae

481 2925 515 2990 (ι)
532 2926 598 2974 enim
614 2938 660 2974 ont.
679 2925 709 2974 0
750 2924 783 2987 (ι)
806 2922 960 2972 adventures
978 2925 1041 2984 GM,
1076 2932 1231 2986 perventum
1257 2925 1284 2972 v.

435 3005 638 3056 animadvertere
650 3007 687 3065 Μ,
697 3003 895 3054 animadvertem
908 3006 934 3051 V.
959 3012 1041 3054 accut.
1052 3004 1133 3053 GRV.
1160 3003 1194 3066 (ς)
1203 3011 1288 3052 vestra

436 3089 530 3151 scripta
539 3087 568 3136 C.
579 3087 636 3147 iam]
644 3086 667 3135 in
676 3087 707 3135 R.
725 3085 759 3150 (ὁ)
770 3085 941 3148 ingeniolique
950 3085 998 3133 mei
1008 3085 1055 3133 iam
1064 3085 1132 3133 vires
1141 3087 1172 3134 R.
1187 3084 1287 3148 (iliacu-

438 3168 534 3217 ratibus
554 3168 584 3215 R.
620 3165 653 3229 (9)
673 3167 834 3226 complector
851 3166 883 3224 G,
905 3166 1067 3226 contemplor
1083 3165 1120 3213 Μ.
1155 3165 1236 3213 attolit
1255 3163 1285 3219 C,

436 3249 561 3297 atollitM.
595 3246 724 3309 (rolspem
734 3247 765 3294 R.
785 3246 928 3294 humilitatis
944 3246 977 3294 G.
1012 3247 1079 3293 hum.
1098 3254 1123 3293 et
1136 3245 1235 3308 benign.
1247 3246 1285 3294 M.

437 3327 487 3391 (12)
499 3326 653 3389 intrepidum
664 3340 709 3374 om.
722 3328 752 3375 R.
788 3327 854 3374 enim
865 3339 912 3375 vos
924 3339 981 3388 gen.
1001 3326 1058 3374 GV.
1094 3324 1143 3388 (η)
1156 3324 1286 3385 oriundas}

437 3409 560 3471 originem
578 3406 697 3456 eduxisse
714 3407 746 3454 R.
786 3404 836 3470 (ις)
853 3405 995 3454 excelentia
1009 3407 1040 3454 R.
1082 3404 1132 3468 (16)
1150 3414 1176 3452 et
1194 3405 1227 3453 ita
1243 3403 1288 3452 llo·
1350 3446 1353 3450 .

438 3488 487 3537 ruit
504 3501 573 3536 omna.
588 3487 642 3536 CR.
677 3486 726 3548 (17)
737 3486 841 3545 antiqua
857 3486 919 3534 MR.
960 3483 1010 3548 (ιθ)
1027 3485 1230 3546 potentissimum
1247 3484 1285 3532 Μ.

438 3571 496 3634 ytal.
515 3569 552 3617 M.
