2926 5168
548 1069 627 1115 clxv

162 1225 207 1299 sis
224 1223 358 1299 codicis
389 1223 585 1297 Ludovicus
620 1223 759 1311 Sieber,
794 1225 1013 1302 Arundeliani

161 1356 197 1412 et
231 1339 406 1413 Harleiani
432 1339 506 1412 libri
544 1341 594 1411 M.
619 1339 656 1411 E.
685 1340 890 1437 Thompson
917 1364 1014 1414 com·

162 1455 356 1530 municavit.
384 1455 523 1556 Quibus
549 1455 627 1528 viris
652 1454 860 1529 doctissimis
889 1456 1015 1553 gratias

162 1573 293 1671 agimus
324 1595 426 1670 quam
457 1571 630 1645 maximas.
670 1570 754 1645 Aliis
788 1571 866 1644 viris
900 1571 1015 1646 doctis

163 1688 246 1787 quid
256 1687 464 1762 deberemus
473 1712 536 1761 suo
546 1689 628 1760 loco
638 1686 670 1758 in
682 1686 771 1761 notis
781 1686 1013 1763 indicavimus.

165 1803 275 1904 Quod
297 1820 411 1876 autem
433 1802 668 1900 Neapolitani,
689 1801 907 1893 Basileensis,
926 1804 1016 1878 Cre-

165 1917 1017 2009 misanensis,Arundeliani,VenetorumetVatica·

165 2060 284 2107 norum
302 2032 464 2108 codicum
491 2033 713 2107 collationem
738 2049 773 2106 ut
799 2034 1016 2109 nanciscere-

165 2175 239 2223 mur
264 2152 387 2224 nullam
414 2174 556 2247 operam
578 2148 748 2238 dedimus,
771 2149 804 2222 in
831 2166 925 2224 tanta
958 2150 1016 2248 qui

165 2282 292 2363 praeter
313 2267 377 2339 hos
390 2281 508 2339 extant
525 2262 687 2338 codicum
705 2266 811 2363 copia
824 2265 878 2337 vix
897 2292 1017 2365 quem-

165 2406 267 2480 quam
286 2381 550 2479 vituperaturum
568 2404 646 2454 esse
664 2380 879 2454 confidimus.

214 2500 308 2596 lpsas
325 2496 489 2594 epistolas
506 2496 695 2570 secundum
714 2512 908 2593 temporum
925 2495 1019 2570 ordi-

167 2637 243 2685 nem
254 2611 466 2710 digessimus,
478 2611 539 2684 nisi
551 2610 900 2709 quodnonnunquam
912 2613 1018 2685 malu-

167 2729 281 2801 imusa
297 2744 397 2800 recto
406 2726 529 2800 ordine
548 2729 720 2824 paululum
734 2726 902 2800 recedere
916 2751 1018 2824 quam

79 2910 93 2921 ,
166 2842 496 2940 eaquaearctissime
505 2843 686 2916 cohaerent
699 2842 891 2940 seiungere,
903 2866 1019 2942 neque

167 2956 264 3054 quod
282 2957 314 3030 in
332 2958 436 3031 lsotae
452 2957 627 3031 Codicem
647 2957 871 3054 Epistolarem
891 2980 1020 3054 paucas

167 3072 332 3170 quasdam
354 3088 390 3145 at
409 3071 622 3170 gravissimas
636 3071 801 3169 epistolas
814 3071 1020 3169 recepimus,

167 3211 248 3284 quae
268 3211 384 3285 neque
405 3188 450 3261 ab
470 3188 562 3262 lsota
585 3186 726 3283 scriptae
743 3211 858 3285 neque
879 3186 923 3260 ad
944 3211 1021 3260 eam

167 3303 260 3377 datae
276 3319 365 3392 sunt,
392 3303 511 3400 quales
540 3318 618 3375 sunt
643 3300 789 3376 Guarini
813 3300 1023 3375 Veronensis

167 3418 213 3491 ad
232 3419 434 3492 Lconellum
454 3419 631 3491 Estensem
650 3434 685 3489 et
702 3418 864 3490 lacobum
893 3418 1023 3490 Fosca·

168 3559 241 3607 rum
268 3549 303 3607 et
325 3531 492 3606 Ludovici
523 3532 708 3606 Fuscareni
742 3531 787 3605 ad
815 3531 1023 3605 Damianum

171 3652 320 3748 Burgum
339 3648 509 3746 epistolae,
529 3648 756 3746 improbatum
779 3647 816 3719 iri
835 3670 1021 3744 speramus.

171 3763 333 3839 Damiani
353 3763 457 3862 Burgi
476 3779 512 3837 et
528 3764 715 3836 Zeneverae
739 3764 929 3861 Nogarolae
950 3760 1024 3859 epi-

169 3883 287 3970 stolas,
297 3903 440 3978 quarum
449 3879 672 3976 autographis
685 3878 887 3952 aCaietano
899 3880 957 3950 Da
969 3880 1025 3950 Re

172 3997 204 4068 in
222 3994 391 4069 tabulario
409 3993 601 4068 Veronensi
620 3993 763 4092 repertis
774 3993 821 4065 uti
839 3992 1024 4092 potuimuS,
