2926 5168
526 1079 648 1133 ΟΧΧΧῙΧ

156 1236 252 1298 quibus
275 1236 394 1288 delecter
414 1245 440 1288 et
465 1236 598 1299 defendar,
617 1239 737 1300 quoniam
753 1247 803 1287 tam
831 1242 907 1304 longa
933 1240 1012 1304 negli-

157 1317 242 1378 gentia
258 1318 347 1380 paucis
363 1317 447 1368 curari
462 1331 513 1367 non
529 1325 641 1380 potest·

210 1401 233 1439 7ι
249 1397 276 1445 in
293 1397 381 1448 libello
397 1411 451 1460 quo
468 1400 588 1448 nonnulla
598 1398 752 1448 documenta
763 1396 796 1448 ad
808 1400 1009 1450 controversiam

157 1474 264 1525 Comitis
287 1476 441 1527 Ferdinandi
465 1478 605 1540 Nogarote
622 1486 711 1527 contra
727 1477 888 1527 Comitisssm
906 1480 1009 1530 lsottam

159 1556 315 1619 Nogerolsm
337 1558 479 1619 spectantia
502 1558 666 1607 continentur
681 1558 779 1620 quique
806 1559 922 1621 astampa
949 1558 1011 1609 Co:

159 1635 322 1686 Ferdinando
334 1637 468 1700 Negarola
478 1636 635 1688 controco:
647 1638 726 1687 lsotta
736 1639 866 1700 Nogarola
878 1639 977 1701 Pupilla
988 1641 1012 1688 al

157 1713 248 1765 laudor
262 1716 407 1766 inscribitur
420 1724 447 1766 et
458 1716 632 1779 impressionis
643 1719 702 1766 loco
710 1729 830 1778 annoque
839 1731 889 1767 non
902 1716 1013 1768 indicato

157 1810 180 1845 a.
196 1797 257 1858 ¹75⁸
281 1797 420 1859 impressus
443 1805 483 1847 est
508 1797 541 1860 (in
559 1805 597 1859 ⁴⁰,
618 1798 662 1856 198
677 1799 734 1861 pp.)
756 1805 879 1859 excerpta
894 1797 1012 1859 quaedam

158 1890 193 1925 ex
207 1877 255 1926 hac
276 1878 402 1926 sententia
423 1877 519 1928 arbitrii
544 1880 670 1942 leguntur.
695 1878 767 1939 Quas
791 1885 885 1927 tantum
909 1876 941 1926 ad
964 1878 1013 1928 Ca·

156 1967 236 2006 strum
251 1958 341 2008 Anam
357 1965 477 2020 spectare
494 1971 580 2021 neque
596 1958 681 2008 omnia
696 1972 755 2021 quea
772 1959 798 2008 id
815 1959 939 2021 temporis
955 1968 1012 2010 acta

158 2045 216 2086 sunt
246 2038 379 2099 respicere
402 2051 566 2100 summopere
586 2048 626 2087 est
648 2036 795 2087 dolendum.
828 2039 1012 2088 Controversia

157 2126 243 2167 autem
268 2118 315 2166 ista
336 2130 396 2179 ques
421 2117 445 2166 in
470 2119 519 2167 boc
543 2118 631 2167 libello
655 2126 777 2168 tmctatur
803 2116 862 2167 inde
889 2119 1012 2181 originem

157 2197 237 2257 duxit,
260 2196 332 2259 quod
355 2196 483 2247 Tberesia
514 2198 601 2247 bladei
625 2211 688 2247 uxor
712 2197 847 2246 Alexandri
872 2199 1012 2261 Nogarolae

158 2277 246 2326 Aluisii
262 2276 304 2326 lllii
319 2275 363 2326 die
378 2277 455 2327 ΧΧΙ.
480 2278 573 2327 mensis
601 2278 756 2328 Decembris
780 2293 803 2327 a.
825 2291 883 2341 ¹757
900 2278 1012 2328 defuncti

160 2355 344 2406 Proveditores
359 2368 437 2419 supra
455 2355 549 2406 leudos
565 2358 664 2421 rogsvit
688 2366 713 2406 ut
736 2372 766 2407 se
791 2372 840 2420 pro
858 2359 906 2407 lilia
924 2359 1010 2417 lsotta,

159 2448 219 2496 que
236 2434 349 2485 nondum
367 2436 406 2485 sui
422 2436 484 2485 iuris
499 2443 563 2496 erat,
582 2449 616 2486 aa
636 2444 710 2499 parte
727 2437 810 2486 Castri
827 2445 854 2486 et
871 2439 1012 2488 vicariatus

162 2516 254 2564 Arzani
270 2517 428 2575 investirent,
440 2529 500 2579 quas
511 2516 591 2565 mariti
602 2515 738 2566 Alexandri
749 2517 839 2566 ineat
857 2517 929 2566 idem
940 2532 1014 2581 roga-

159 2596 193 2644 vit
219 2594 394 2646 Ferdinandus
416 2596 553 2659 lidgardis,
583 2597 688 2645 alterius
710 2595 844 2645 Alexandri
872 2597 1013 2661 umor·

160 2676 225 2724 fliius
242 2676 297 2724 lure
313 2674 500 2726 tdeioommissi
516 2676 700 2738 victoriamque
717 2677 865 2737 reportavit.

441 2756 555 2819 &numo
571 2755 598 2805 di
612 2753 735 2805 Diur'sr'oni

160 2835 292 2884 Sententia
307 2835 441 2884 Arbitralis
456 2834 578 2886 diuisoria
594 2835 660 2884 inter
676 2836 710 2883 D.
730 2835 848 2884 Blancam
861 2836 1012 2885 Boromeam

205 2917 314 2964 Matrem
331 2928 363 2964 ex
380 2928 438 2975 una,
456 2922 483 2964 et
500 2916 534 2963 D.
553 2916 587 2963 D.
606 2915 742 2964 Antonium
759 2923 786 2965 et
803 2915 971 2975 Lodouicum,

244 3004 270 3043 et
287 2992 451 3044 Leonardum
469 2995 572 3045 Fratres
588 2991 623 3044 de
641 2995 779 3059 Nogarolis
795 3009 828 3044 ex
844 2997 932 3045 altera.

373 3085 442 3138 ¹⁴53·
462 3077 492 3123 16
507 3074 630 3125 octobris
646 3083 674 3125 et
689 3083 803 3126 cetera:

209 3153 240 3202 lit
256 3153 338 3215 primo
355 3167 403 3215 pro
417 3155 450 3202 D.
465 3155 558 3204 Blanca
568 3155 767 3218 pronuntiamus,
781 3162 807 3204 et
818 3152 1014 3205 condemnando

161 3231 320 3282 declaramus
329 3232 465 3296 prefectos
475 3235 508 3282 D.
523 3235 556 3283 D.
569 3235 714 3295 Antonium,
728 3233 895 3295 Ludouicum,
908 3242 935 3283 et
948 3235 1015 3284 Leo

162 3311 268 3362 nardum
285 3314 388 3368 Fratres
402 3312 594 3375 amittendum,
613 3323 640 3364 et
657 3312 748 3372 libere,
766 3321 792 3362 et
811 3312 932 3377 expedite
951 3315 1015 3363 rela-

161 3390 269 3442 xandum
291 3392 422 3455 proiastra
447 3395 480 3442 D.
500 3394 618 3443 Blancbt
635 3406 726 3443 eorum
743 3393 817 3442 Matri
834 3391 916 3443 dictas
932 3393 1015 3455 petias

163 3473 302 3522 Terrarum
328 3473 442 3535 jacentes
470 3473 493 3523 in
521 3473 678 3523 pertinentia
704 3473 788 3523 castri
815 3474 913 3534 Arreni,
942 3487 1014 3523 unam

162 3561 277 3602 vocatam
296 3555 321 3602 le
339 3554 476 3620 Vernaue,
494 3563 520 3603 et
535 3555 641 3602 alteram
658 3555 681 3602 la
697 3565 783 3615 pezza,
801 3561 829 3602 et
845 3552 940 3602 dictum
958 3553 1015 3602 bio

163 3632 291 3683 lendinum
314 3634 388 3684 situm
416 3634 439 3682 in
462 3632 530 3684 dicta
552 3633 617 3683 Villa
641 3634 724 3684 Castri
748 3633 839 3682 Azrani
871 3647 929 3683 cum
961 3633 1013 3682 suis

162 3715 358 3776 apparamentis,
381 3726 412 3763 ac
435 3727 492 3764 curn
516 3713 688 3773 coherentiis,
706 3713 876 3774 qualitatibus,
895 3720 921 3761 et
937 3725 1016 3775 quan·

163 3794 276 3844 titanibus
303 3794 436 3856 petlarum
459 3793 599 3843 Terrarum
622 3791 808 3855 predictarum,
834 3801 961 3853 tamquam
982 3791 1016 3841 ad

164 3887 220 3922 eam
236 3882 392 3938 spectantes,
411 3882 437 3924 et
464 3875 632 3938 pertinentes,
649 3886 680 3923 ac
696 3881 824 3935 spectans,
843 3881 868 3921 et
886 3872 1017 3935 pertinens

164 3960 192 4002 et
214 3966 272 4003 cum
288 3953 413 4004 fructibus
431 3955 496 4003 Anni
512 3953 647 4016 praesentis
663 3952 813 4013 extantibus,
832 3961 859 4002 et
875 3952 1015 4014 perceptis,

164 4034 185 4081 si
209 4035 254 4094 qui
277 4042 343 4093 sunt,
365 4034 451 4095 etqui
467 4033 566 4095 percipi
583 4042 704 4095 poterunt
721 4046 752 4081 ex
769 4031 843 4081 dictis
859 4033 936 4095 petijs
952 4032 1017 4080 Ter·
