<?xml version="1.0" encoding="UTF-8"?>
<!DOCTYPE html PUBLIC "-//W3C//DTD XHTML 1.0 Transitional//EN"
    "http://www.w3.org/TR/xhtml1/DTD/xhtml1-transitional.dtd">
<html xmlns="http://www.w3.org/1999/xhtml" xml:lang="en" lang="en">
 <head>
  <title>
</title>
<meta http-equiv="Content-Type" content="text/html;charset=utf-8" />
  <meta name='ocr-system' content='tesseract 3.04.00' />
  <meta name='ocr-capabilities' content='ocr_page ocr_carea ocr_par ocr_line ocrx_word'/>
</head>
<body>
  <div class='ocr_page' id='page_1' title='image "./isotnogarolvero00nogagoog/isotnogarolvero00nogagoog_0023.png"; bbox 0 0 2850 4694; ppageno 0'>
   <div class='ocr_carea' id='block_1_1' title="bbox 590 533 622 580">
    <p class='ocr_par' dir='ltr' id='par_1_1' title="bbox 590 533 622 580">
     <span class='ocr_line' id='line_1_1' title="bbox 590 533 622 580; baseline 0 0"><span class='ocrx_word' id='word_1_1' title='bbox 590 533 622 580; x_wconf 75' lang='lat' dir='ltr'>ix</span> 
     </span>
    </p>
   </div>
   <div class='ocr_carea' id='block_1_2' title="bbox 175 689 1106 3536">
    <p class='ocr_par' dir='ltr' id='par_1_2' title="bbox 175 689 1106 3536">
     <span class='ocr_line' id='line_1_2' title="bbox 176 689 1027 788; baseline 0.001 -25"><span class='ocrx_word' id='word_1_2' title='bbox 176 708 289 764; x_wconf 86' lang='lat' dir='ltr'>tamen</span> <span class='ocrx_word' id='word_1_3' title='bbox 319 689 478 779; x_wconf 83' lang='lat' dir='ltr'>obtinuit,</span> <span class='ocrx_word' id='word_1_4' title='bbox 510 714 588 764; x_wconf 91' lang='lat' dir='ltr'>cum</span> <span class='ocrx_word' id='word_1_5' title='bbox 616 691 840 788; x_wconf 88' lang='lat' dir='ltr'>Pandulphus</span> <span class='ocrx_word' id='word_1_6' title='bbox 865 689 1027 765; x_wconf 86' lang='lat' dir='ltr'><strong>codicem</strong></span> 
     </span>
     <span class='ocr_line' id='line_1_3' title="bbox 176 803 1028 903; baseline 0 -25"><span class='ocrx_word' id='word_1_7' title='bbox 176 822 326 878; x_wconf 92' lang='lat' dir='ltr'>mutuum</span> <span class='ocrx_word' id='word_1_8' title='bbox 353 805 417 879; x_wconf 88' lang='lat' dir='ltr'>sibi</span> <span class='ocrx_word' id='word_1_9' title='bbox 443 803 561 878; x_wconf 90' lang='lat' dir='ltr'>datum</span> <span class='ocrx_word' id='word_1_10' title='bbox 583 805 698 878; x_wconf 93' lang='lat' dir='ltr'>alieno</span> <span class='ocrx_word' id='word_1_11' title='bbox 715 808 798 879; x_wconf 85' lang='lat' dir='ltr'>loco</span> <span class='ocrx_word' id='word_1_12' title='bbox 816 806 1028 903; x_wconf 86' lang='lat' dir='ltr'>reposuisset</span> 
     </span>
     <span class='ocr_line' id='line_1_4' title="bbox 176 920 1029 1018; baseline 0.001 -26"><span class='ocrx_word' id='word_1_13' title='bbox 176 945 242 994; x_wconf 88' lang='lat' dir='ltr'>nec</span> <span class='ocrx_word' id='word_1_14' title='bbox 276 920 427 1017; x_wconf 87' lang='lat' dir='ltr'>reperire</span> <span class='ocrx_word' id='word_1_15' title='bbox 453 920 662 1017; x_wconf 87' lang='lat' dir='ltr'>potuisset¹¹</span> <span class='ocrx_word' id='word_1_16' title='bbox 696 923 872 995; x_wconf 84' lang='lat' dir='ltr'>Praeterea</span> <span class='ocrx_word' id='word_1_17' title='bbox 895 921 1029 1018; x_wconf 79' lang='lat' dir='ltr'>Angeia</span> 
     </span>
     <span class='ocr_line' id='line_1_5' title="bbox 175 1035 1026 1134; baseline 0.002 -26"><span class='ocrx_word' id='word_1_18' title='bbox 175 1035 219 1109; x_wconf 91' lang='lat' dir='ltr'>ad</span> <span class='ocrx_word' id='word_1_19' title='bbox 237 1036 323 1109; x_wconf 89' lang='lat' dir='ltr'>alios</span> <span class='ocrx_word' id='word_1_20' title='bbox 340 1035 444 1108; x_wconf 90' lang='lat' dir='ltr'>etiam</span> <span class='ocrx_word' id='word_1_21' title='bbox 461 1035 551 1109; x_wconf 90' lang='lat' dir='ltr'>viros</span> <span class='ocrx_word' id='word_1_22' title='bbox 565 1035 740 1134; x_wconf 82' lang='lat' dir='ltr'>principes</span> <span class='ocrx_word' id='word_1_23' title='bbox 754 1036 906 1110; x_wconf 90' lang='lat' dir='ltr'>carmina</span> <span class='ocrx_word' id='word_1_24' title='bbox 919 1035 1026 1128; x_wconf 86' lang='lat' dir='ltr'><strong>dedit,</strong></span> 
     </span>
     <span class='ocr_line' id='line_1_6' title="bbox 175 1150 1029 1248; baseline 0.001 -24"><span class='ocrx_word' id='word_1_25' title='bbox 175 1150 220 1224; x_wconf 91' lang='lat' dir='ltr'>ad</span> <span class='ocrx_word' id='word_1_26' title='bbox 246 1152 410 1224; x_wconf 86' lang='lat' dir='ltr'>iacobum</span> <span class='ocrx_word' id='word_1_27' title='bbox 436 1150 481 1224; x_wconf 94' lang='lat' dir='ltr'>de</span> <span class='ocrx_word' id='word_1_28' title='bbox 503 1151 672 1241; x_wconf 89' lang='lat' dir='ltr'>Carraria,</span> <span class='ocrx_word' id='word_1_29' title='bbox 691 1151 749 1248; x_wconf 91' lang='lat' dir='ltr'>qui</span> <span class='ocrx_word' id='word_1_30' title='bbox 768 1151 864 1225; x_wconf 92' lang='lat' dir='ltr'>initio</span> <span class='ocrx_word' id='word_1_31' title='bbox 881 1175 912 1225; x_wconf 90' lang='lat' dir='ltr'>a.</span> <span class='ocrx_word' id='word_1_32' title='bbox 938 1152 1029 1247; x_wconf 80' lang='lat'>1406</span> 
     </span>
     <span class='ocr_line' id='line_1_7' title="bbox 176 1266 1029 1365; baseline 0.004 -27"><span class='ocrx_word' id='word_1_33' title='bbox 176 1267 292 1365; x_wconf 86' lang='lat' dir='ltr'>viginti</span> <span class='ocrx_word' id='word_1_34' title='bbox 317 1291 379 1341; x_wconf 89' lang='lat' dir='ltr'>sex</span> <span class='ocrx_word' id='word_1_35' title='bbox 404 1291 513 1340; x_wconf 91' lang='lat' dir='ltr'>annos</span> <span class='ocrx_word' id='word_1_36' title='bbox 540 1284 637 1341; x_wconf 90' lang='lat' dir='ltr'>natus</span> <span class='ocrx_word' id='word_1_37' title='bbox 655 1266 809 1341; x_wconf 88' lang='lat' dir='ltr'>Venetiis</span> <span class='ocrx_word' id='word_1_38' title='bbox 828 1267 1029 1341; x_wconf 75' lang='lat' dir='ltr'>interiectus</span> 
     </span>
     <span class='ocr_line' id='line_1_8' title="bbox 176 1382 1106 1480; baseline 0.001 -25"><span class='ocrx_word' id='word_1_39' title='bbox 176 1399 240 1471; x_wconf 90' lang='lat' dir='ltr'>est,</span> <span class='ocrx_word' id='word_1_40' title='bbox 260 1382 316 1456; x_wconf 90' lang='lat' dir='ltr'>cui</span> <span class='ocrx_word' id='word_1_41' title='bbox 342 1407 411 1455; x_wconf 92' lang='lat' dir='ltr'>non</span> <span class='ocrx_word' id='word_1_42' title='bbox 438 1382 547 1455; x_wconf 90' lang='lat' dir='ltr'>minus</span> <span class='ocrx_word' id='word_1_43' title='bbox 565 1407 667 1479; x_wconf 90' lang='lat' dir='ltr'>quam</span> <span class='ocrx_word' id='word_1_44' title='bbox 693 1383 820 1456; x_wconf 88' lang='lat' dir='ltr'>civitati</span> <span class='ocrx_word' id='word_1_45' title='bbox 846 1399 1029 1480; x_wconf 82' lang='lat' dir='ltr'>congratu·</span> <span class='ocrx_word' id='word_1_46' title='bbox 1099 1399 1106 1414; x_wconf 86' lang='lat'><strong>·</strong></span> 
     </span>
     <span class='ocr_line' id='line_1_9' title="bbox 176 1496 1030 1594; baseline 0.002 -25"><span class='ocrx_word' id='word_1_47' title='bbox 176 1498 235 1569; x_wconf 89' lang='lat' dir='ltr'>lari</span> <span class='ocrx_word' id='word_1_48' title='bbox 253 1496 397 1587; x_wconf 89' lang='lat' dir='ltr'>videtur,</span> <span class='ocrx_word' id='word_1_49' title='bbox 415 1497 510 1594; x_wconf 92' lang='lat' dir='ltr'>quod</span> <span class='ocrx_word' id='word_1_50' title='bbox 530 1498 734 1572; x_wconf 87' lang='lat' dir='ltr'>Franciscus</span> <span class='ocrx_word' id='word_1_51' title='bbox 761 1514 858 1594; x_wconf 88' lang='lat' dir='ltr'>pater</span> <span class='ocrx_word' id='word_1_52' title='bbox 882 1522 912 1570; x_wconf 92' lang='lat' dir='ltr'>a.</span> <span class='ocrx_word' id='word_1_53' title='bbox 939 1523 1030 1593; x_wconf 88' lang='lat'>1404</span> 
     </span>
     <span class='ocr_line' id='line_1_10' title="bbox 176 1612 1030 1710; baseline 0.004 -27"><span class='ocrx_word' id='word_1_54' title='bbox 176 1614 349 1686; x_wconf 83' lang='lat' dir='ltr'>Veronam</span> <span class='ocrx_word' id='word_1_55' title='bbox 376 1613 408 1686; x_wconf 89' lang='lat' dir='ltr'>ei</span> <span class='ocrx_word' id='word_1_56' title='bbox 435 1612 621 1710; x_wconf 86' lang='lat' dir='ltr'>regendam</span> <span class='ocrx_word' id='word_1_57' title='bbox 645 1612 832 1703; x_wconf 84' lang='lat' dir='ltr'>tradiderit,</span> <span class='ocrx_word' id='word_1_58' title='bbox 851 1630 887 1686; x_wconf 91' lang='lat' dir='ltr'>et</span> <span class='ocrx_word' id='word_1_59' title='bbox 903 1612 948 1687; x_wconf 91' lang='lat' dir='ltr'>ad</span> <span class='ocrx_word' id='word_1_60' title='bbox 966 1612 1030 1686; x_wconf 92' lang='lat' dir='ltr'>du·</span> 
     </span>
     <span class='ocr_line' id='line_1_11' title="bbox 177 1728 1030 1826; baseline 0 -25"><span class='ocrx_word' id='word_1_61' title='bbox 177 1753 254 1802; x_wconf 85' lang='lat' dir='ltr'>cem</span> <span class='ocrx_word' id='word_1_62' title='bbox 281 1728 505 1826; x_wconf 81' lang='lat' dir='ltr'>anguiferum,</span> <span class='ocrx_word' id='word_1_63' title='bbox 533 1729 710 1802; x_wconf 89' lang='lat' dir='ltr'>Comitem</span> <span class='ocrx_word' id='word_1_64' title='bbox 737 1728 904 1802; x_wconf 91' lang='lat' dir='ltr'>Virtutum</span> <span class='ocrx_word' id='word_1_65' title='bbox 930 1732 1030 1803; x_wconf 91' lang='lat' dir='ltr'>loan-</span> 
     </span>
     <span class='ocr_line' id='line_1_12' title="bbox 178 1843 1028 1939; baseline 0.002 -23"><span class='ocrx_word' id='word_1_66' title='bbox 178 1870 256 1918; x_wconf 90' lang='lat' dir='ltr'>nem</span> <span class='ocrx_word' id='word_1_67' title='bbox 275 1843 472 1918; x_wconf 89' lang='lat' dir='ltr'>Galeatium</span> <span class='ocrx_word' id='word_1_68' title='bbox 491 1844 647 1918; x_wconf 90' lang='lat' dir='ltr'>Visconti</span> <span class='ocrx_word' id='word_1_69' title='bbox 660 1868 690 1918; x_wconf 89' lang='lat' dir='ltr'>a.</span> <span class='ocrx_word' id='word_1_70' title='bbox 713 1869 800 1939; x_wconf 86' lang='lat'>1402</span> <span class='ocrx_word' id='word_1_71' title='bbox 816 1843 1028 1936; x_wconf 85' lang='lat' dir='ltr'>defunctum,</span> 
     </span>
     <span class='ocr_line' id='line_1_13' title="bbox 177 1959 1028 2057; baseline 0.001 -24"><span class='ocrx_word' id='word_1_72' title='bbox 177 1960 274 2033; x_wconf 89' lang='lat' dir='ltr'>cuius</span> <span class='ocrx_word' id='word_1_73' title='bbox 306 1959 427 2057; x_wconf 86' lang='lat' dir='ltr'>gratiae</span> <span class='ocrx_word' id='word_1_74' title='bbox 460 1959 653 2033; x_wconf 89' lang='lat' dir='ltr'>Vicentiam</span> <span class='ocrx_word' id='word_1_75' title='bbox 689 1961 809 2034; x_wconf 90' lang='lat' dir='ltr'>urbem</span> <span class='ocrx_word' id='word_1_76' title='bbox 845 1960 1028 2034; x_wconf 89' lang='lat' dir='ltr'>innumeris</span> 
     </span>
     <span class='ocr_line' id='line_1_14' title="bbox 177 2075 1028 2176; baseline 0.002 -28"><span class='ocrx_word' id='word_1_77' title='bbox 177 2076 274 2149; x_wconf 84' lang='lat' dir='ltr'>malis</span> <span class='ocrx_word' id='word_1_78' title='bbox 300 2093 494 2174; x_wconf 87' lang='lat' dir='ltr'>quassatam</span> <span class='ocrx_word' id='word_1_79' title='bbox 518 2075 751 2166; x_wconf 85' lang='lat' dir='ltr'>commendat,</span> <span class='ocrx_word' id='word_1_80' title='bbox 769 2075 865 2174; x_wconf 94' lang='lat' dir='ltr'>quod</span> <span class='ocrx_word' id='word_1_81' title='bbox 883 2101 913 2150; x_wconf 90' lang='lat' dir='ltr'>a.</span> <span class='ocrx_word' id='word_1_82' title='bbox 939 2077 1028 2176; x_wconf 77' lang='lat'>1387</span> 
     </span>
     <span class='ocr_line' id='line_1_15' title="bbox 177 2191 1029 2282; baseline 0.002 -18"><span class='ocrx_word' id='word_1_83' title='bbox 177 2192 303 2266; x_wconf 87' lang='lat' dir='ltr'>secisse</span> <span class='ocrx_word' id='word_1_84' title='bbox 324 2191 468 2282; x_wconf 89' lang='lat' dir='ltr'>videtur,</span> <span class='ocrx_word' id='word_1_85' title='bbox 491 2216 570 2266; x_wconf 92' lang='lat' dir='ltr'>cum</span> <span class='ocrx_word' id='word_1_86' title='bbox 588 2192 747 2266; x_wconf 88' lang='lat' dir='ltr'>Vicentia</span> <span class='ocrx_word' id='word_1_87' title='bbox 764 2192 880 2266; x_wconf 89' lang='lat' dir='ltr'>loanni</span> <span class='ocrx_word' id='word_1_88' title='bbox 898 2194 1029 2266; x_wconf 86' lang='lat' dir='ltr'>Galea·</span> 
     </span>
     <span class='ocr_line' id='line_1_16' title="bbox 177 2307 1030 2405; baseline 0.002 -25"><span class='ocrx_word' id='word_1_89' title='bbox 177 2308 225 2381; x_wconf 91' lang='lat' dir='ltr'>tio</span> <span class='ocrx_word' id='word_1_90' title='bbox 251 2333 289 2381; x_wconf 91' lang='lat' dir='ltr'>se</span> <span class='ocrx_word' id='word_1_91' title='bbox 315 2307 463 2381; x_wconf 84' lang='lat' dir='ltr'>tradidit</span> <span class='ocrx_word' id='word_1_92' title='bbox 476 2318 502 2354; x_wconf 86' lang='lat'>¹²</span> <span class='ocrx_word' id='word_1_93' title='bbox 530 2309 631 2382; x_wconf 80' lang='lat' dir='ltr'>Extat</span> <span class='ocrx_word' id='word_1_94' title='bbox 656 2308 758 2382; x_wconf 88' lang='lat' dir='ltr'>etiam</span> <span class='ocrx_word' id='word_1_95' title='bbox 784 2307 941 2405; x_wconf 86' lang='lat' dir='ltr'>epistola,</span> <span class='ocrx_word' id='word_1_96' title='bbox 960 2332 1030 2405; x_wconf 90' lang='lat' dir='ltr'>qua</span> 
     </span>
     <span class='ocr_line' id='line_1_17' title="bbox 178 2421 1027 2521; baseline 0 -25"><span class='ocrx_word' id='word_1_97' title='bbox 178 2422 423 2520; x_wconf 89' lang='lat' dir='ltr'>Magdalenam</span> <span class='ocrx_word' id='word_1_98' title='bbox 450 2421 495 2496; x_wconf 94' lang='lat' dir='ltr'>de</span> <span class='ocrx_word' id='word_1_99' title='bbox 520 2423 728 2520; x_wconf 85' lang='lat' dir='ltr'>Scrovignis,</span> <span class='ocrx_word' id='word_1_100' title='bbox 746 2423 887 2521; x_wconf 86' lang='lat' dir='ltr'>Ugolini</span> <span class='ocrx_word' id='word_1_101' title='bbox 915 2423 1027 2514; x_wconf 85' lang='lat' dir='ltr'>filiam,</span> 
     </span>
     <span class='ocr_line' id='line_1_18' title="bbox 177 2537 1029 2613; baseline 0.004 -3"><span class='ocrx_word' id='word_1_102' title='bbox 177 2537 338 2611; x_wconf 87' lang='lat' dir='ltr'>seminam</span> <span class='ocrx_word' id='word_1_103' title='bbox 384 2537 543 2611; x_wconf 90' lang='lat' dir='ltr'>omnibus</span> <span class='ocrx_word' id='word_1_104' title='bbox 588 2538 765 2612; x_wconf 90' lang='lat' dir='ltr'>virtutibus</span> <span class='ocrx_word' id='word_1_105' title='bbox 811 2564 880 2612; x_wconf 93' lang='lat' dir='ltr'>non</span> <span class='ocrx_word' id='word_1_106' title='bbox 919 2538 1029 2613; x_wconf 89' lang='lat' dir='ltr'>minus</span> 
     </span>
     <span class='ocr_line' id='line_1_19' title="bbox 176 2652 1029 2750; baseline 0.002 -25"><span class='ocrx_word' id='word_1_107' title='bbox 176 2676 278 2749; x_wconf 89' lang='lat' dir='ltr'>quarn</span> <span class='ocrx_word' id='word_1_108' title='bbox 306 2652 425 2726; x_wconf 91' lang='lat' dir='ltr'>litteris</span> <span class='ocrx_word' id='word_1_109' title='bbox 450 2656 589 2744; x_wconf 87' lang='lat' dir='ltr'>claram,</span> <span class='ocrx_word' id='word_1_110' title='bbox 607 2677 687 2750; x_wconf 84' lang='lat' dir='ltr'>quae</span> <span class='ocrx_word' id='word_1_111' title='bbox 705 2678 735 2728; x_wconf 87' lang='lat' dir='ltr'>a.</span> <span class='ocrx_word' id='word_1_112' title='bbox 761 2652 1029 2750; x_wconf 78' lang='lat' dir='ltr'>1439desuncta</span> 
     </span>
     <span class='ocr_line' id='line_1_20' title="bbox 175 2766 1028 2866; baseline 0.004 -26"><span class='ocrx_word' id='word_1_113' title='bbox 175 2783 239 2854; x_wconf 88' lang='lat' dir='ltr'>est,</span> <span class='ocrx_word' id='word_1_114' title='bbox 266 2766 312 2841; x_wconf 91' lang='lat' dir='ltr'>de</span> <span class='ocrx_word' id='word_1_115' title='bbox 338 2785 449 2842; x_wconf 91' lang='lat' dir='ltr'>morte</span> <span class='ocrx_word' id='word_1_116' title='bbox 480 2769 590 2843; x_wconf 79' lang='lat' dir='ltr'>fratris</span> <span class='ocrx_word' id='word_1_117' title='bbox 617 2770 734 2843; x_wconf 85' lang='lat' dir='ltr'>iacobi</span> <span class='ocrx_word' id='word_1_118' title='bbox 760 2769 806 2843; x_wconf 90' lang='lat' dir='ltr'>de</span> <span class='ocrx_word' id='word_1_119' title='bbox 832 2769 1028 2866; x_wconf 85' lang='lat' dir='ltr'>Scrovignis</span> 
     </span>
     <span class='ocr_line' id='line_1_21' title="bbox 177 2882 1027 2981; baseline 0.006 -27"><span class='ocrx_word' id='word_1_120' title='bbox 177 2882 290 2956; x_wconf 89' lang='lat' dir='ltr'>militis</span> <span class='ocrx_word' id='word_1_121' title='bbox 298 2883 414 2957; x_wconf 88' lang='lat' dir='ltr'>eximii</span> <span class='ocrx_word' id='word_1_122' title='bbox 424 2887 634 2974; x_wconf 89' lang='lat' dir='ltr'>consolatur,</span> <span class='ocrx_word' id='word_1_123' title='bbox 645 2894 670 2943; x_wconf 82' lang='lat'>¹³</span> <span class='ocrx_word' id='word_1_124' title='bbox 690 2900 725 2958; x_wconf 93' lang='lat' dir='ltr'>et</span> <span class='ocrx_word' id='word_1_125' title='bbox 739 2886 844 2958; x_wconf 89' lang='lat' dir='ltr'>breve</span> <span class='ocrx_word' id='word_1_126' title='bbox 857 2885 1027 2981; x_wconf 84' lang='lat' dir='ltr'>epigram-</span> 
     </span>
     <span class='ocr_line' id='line_1_22' title="bbox 177 2998 1028 3097; baseline 0.005 -27"><span class='ocrx_word' id='word_1_127' title='bbox 177 3023 233 3071; x_wconf 89' lang='lat' dir='ltr'>ma</span> <span class='ocrx_word' id='word_1_128' title='bbox 257 2998 303 3072; x_wconf 92' lang='lat' dir='ltr'>ad</span> <span class='ocrx_word' id='word_1_129' title='bbox 327 2999 512 3073; x_wconf 80' lang='lat' dir='ltr'>Antonium</span> <span class='ocrx_word' id='word_1_130' title='bbox 540 3002 689 3073; x_wconf 86' lang='lat' dir='ltr'>Luscum</span> <span class='ocrx_word' id='word_1_131' title='bbox 708 3000 932 3097; x_wconf 85' lang='lat' dir='ltr'>probabiliter</span> <span class='ocrx_word' id='word_1_132' title='bbox 947 3019 1028 3074; x_wconf 86' lang='lat' dir='ltr'>ante</span> 
     </span>
     <span class='ocr_line' id='line_1_23' title="bbox 176 3114 1028 3213; baseline 0.005 -28"><span class='ocrx_word' id='word_1_133' title='bbox 176 3137 207 3185; x_wconf 83' lang='lat' dir='ltr'>a</span> <span class='ocrx_word' id='word_1_134' title='bbox 242 3114 332 3208; x_wconf 81' lang='lat'><em>1388</em></span> <span class='ocrx_word' id='word_1_135' title='bbox 358 3114 574 3212; x_wconf 87' lang='lat' dir='ltr'>scriptum,¹⁴</span> <span class='ocrx_word' id='word_1_136' title='bbox 591 3138 662 3211; x_wconf 92' lang='lat' dir='ltr'>quo</span> <span class='ocrx_word' id='word_1_137' title='bbox 693 3139 730 3188; x_wconf 89' lang='lat' dir='ltr'>se</span> <span class='ocrx_word' id='word_1_138' title='bbox 760 3133 904 3189; x_wconf 89' lang='lat' dir='ltr'>excusat</span> <span class='ocrx_word' id='word_1_139' title='bbox 932 3115 1028 3213; x_wconf 93' lang='lat' dir='ltr'>quod</span> 
     </span>
     <span class='ocr_line' id='line_1_24' title="bbox 178 3228 1103 3326; baseline 0.006 -26"><span class='ocrx_word' id='word_1_140' title='bbox 178 3228 247 3326; x_wconf 90' lang='lat' dir='ltr'>pila</span> <span class='ocrx_word' id='word_1_141' title='bbox 256 3229 390 3303; x_wconf 91' lang='lat' dir='ltr'>iuvenili</span> <span class='ocrx_word' id='word_1_142' title='bbox 408 3229 533 3304; x_wconf 88' lang='lat' dir='ltr'>ardore</span> <span class='ocrx_word' id='word_1_143' title='bbox 547 3230 721 3304; x_wconf 89' lang='lat' dir='ltr'>ludentem</span> <span class='ocrx_word' id='word_1_144' title='bbox 740 3255 817 3304; x_wconf 90' lang='lat' dir='ltr'>eam</span> <span class='ocrx_word' id='word_1_145' title='bbox 835 3231 1026 3306; x_wconf 84' lang='lat' dir='ltr'>offenderit</span> <span class='ocrx_word' id='word_1_146' title='bbox 1100 3309 1103 3314; x_wconf 74' lang='grc'><em>,</em></span> 
     </span>
     <span class='ocr_line' id='line_1_25' title="bbox 177 3346 1029 3445; baseline 0.004 -27"><span class='ocrx_word' id='word_1_147' title='bbox 177 3347 296 3445; x_wconf 87' lang='lat' dir='ltr'>Quam</span> <span class='ocrx_word' id='word_1_148' title='bbox 321 3347 424 3419; x_wconf 88' lang='lat' dir='ltr'>etiarn</span> <span class='ocrx_word' id='word_1_149' title='bbox 455 3371 534 3420; x_wconf 91' lang='lat' dir='ltr'>cum</span> <span class='ocrx_word' id='word_1_150' title='bbox 565 3348 738 3420; x_wconf 82' lang='lat' dir='ltr'>Matthaeo</span> <span class='ocrx_word' id='word_1_151' title='bbox 763 3346 810 3420; x_wconf 91' lang='lat' dir='ltr'>de</span> <span class='ocrx_word' id='word_1_152' title='bbox 838 3348 1029 3421; x_wconf 81' lang='lat' dir='ltr'>Aurelianis</span> 
     </span>
     <span class='ocr_line' id='line_1_26' title="bbox 178 3462 1028 3536; baseline 0.002 -3"><span class='ocrx_word' id='word_1_153' title='bbox 178 3462 283 3535; x_wconf 89' lang='lat' dir='ltr'>nobili</span> <span class='ocrx_word' id='word_1_154' title='bbox 309 3462 383 3535; x_wconf 87' lang='lat' dir='ltr'>viro</span> <span class='ocrx_word' id='word_1_155' title='bbox 399 3462 584 3535; x_wconf 88' lang='lat' dir='ltr'>Vicentino</span> <span class='ocrx_word' id='word_1_156' title='bbox 605 3462 766 3536; x_wconf 79' lang='lat' dir='ltr'>amicitiae</span> <span class='ocrx_word' id='word_1_157' title='bbox 783 3463 926 3535; x_wconf 86' lang='lat' dir='ltr'>vinculis</span> <span class='ocrx_word' id='word_1_158' title='bbox 943 3487 1028 3536; x_wconf 94' lang='lat' dir='ltr'>con·</span> 
     </span>
    </p>
   </div>
   <div class='ocr_carea' id='block_1_3' title="bbox 0 0 1433 4694">
    <p class='ocr_par' dir='ltr' id='par_1_3' title="bbox 0 0 1433 4694">
     <span class='ocr_line' id='line_1_27' title="bbox 0 0 1433 4694; baseline 0 0"><span class='ocrx_word' id='word_1_159' title='bbox 0 0 1433 4694; x_wconf 95' lang='lat' dir='ltr'> </span> 
     </span>
    </p>
   </div>
  </div>
 </body>
</html>
