2850 4694
545 605 625 648 xum

156 786 260 859 quam
286 761 432 837 maxime
457 761 644 848 elaborata,
662 783 741 833 cum
763 758 869 832 virum
895 755 1008 831 erudi-

155 876 321 952 tissimum
348 877 380 951 in
408 876 502 950 Petri
529 875 618 950 solio
643 873 768 949 sedere
794 872 884 949 haud
911 873 1009 972 igno-

156 1009 256 1068 taret.

205 1110 301 1211 Quae
335 1106 476 1206 quidem
510 1105 621 1180 oratio
655 1103 751 1202 quod
776 1120 915 1179 aetatem
940 1128 1008 1176 non

156 1224 242 1314 tulit,
267 1249 351 1299 sane
376 1247 598 1320 summopere
623 1238 676 1296 est
701 1219 899 1295 dolendum.
930 1222 1009 1294 Me·

155 1339 242 1415 liore
270 1357 386 1414 autem
413 1338 549 1413 fortuna
578 1362 673 1412 usum
708 1352 762 1411 est
790 1334 881 1410 aliud
907 1337 1009 1408 lsotae

155 1480 256 1553 opus,
287 1481 360 1554 quo
385 1479 454 1528 uno
480 1470 642 1551 quantum
661 1454 752 1526 lsota
769 1451 802 1524 in
820 1449 1008 1547 theologiae

154 1570 270 1645 studio
296 1569 485 1669 profecerit
511 1567 662 1643 iudicare
680 1591 870 1666 possumus.
901 1560 1009 1638 Na'm-

155 1711 226 1784 que
250 1686 297 1761 de
322 1685 473 1782 dialogo,
500 1711 571 1783 quo
599 1700 708 1758 utrum
734 1682 843 1758 Adam
870 1706 912 1755 an
939 1683 1023 1755 Eva·

155 1802 262 1901 magis
286 1801 502 1900 peccavisset
532 1802 619 1874 inter
649 1802 773 1874 lsotam
796 1815 832 1873 et
858 1797 1008 1872 Ludovi-

155 1943 235 1993 cum
272 1920 505 1992 Fuscarenum
535 1915 804 2014 disceptabatur,
831 1939 886 1987 me
913 1913 1007 2011 loqui

154 2058 259 2108 nemo
284 2033 403 2108 nescit.
434 2036 535 2108 Anno
569 2033 659 2106 enim
693 2052 774 2133 ¹45¹
813 2030 1009 2105 Ludovicus

155 2151 370 2225 Fuscarenus
389 2149 549 2248 patricius
561 2151 726 2239 Venetus,
741 2147 916 2246 utriusque
930 2146 1009 2221 iuris

154 2281 192 2339 et
219 2265 339 2340 artium
370 2264 507 2352 doctor,
533 2264 631 2339 cuius
656 2288 844 2361 operares
871 2261 1009 2361 publica

153 2382 289 2455 Veneta
301 2380 489 2479 saepissime
503 2380 535 2453 in
549 2378 688 2454 urbibus
701 2403 773 2453 suae
786 2376 915 2452 dicioni
928 2377 1009 2452 sub-

154 2494 253 2571 iectis
269 2494 543 2570 administrandis
559 2511 596 2569 et
621 2495 654 2568 in
679 2492 907 2593 legationibus
931 2518 1008 2591 gra-

154 2612 296 2687 vissimis
327 2613 493 2702 utebatur,
520 2615 693 2687 veronam
724 2628 853 2709 praetor
886 2609 1008 2684 missus

154 2746 218 2821 est,
236 2728 355 2827 quain
374 2729 458 2802 urbe
477 2753 539 2826 per
557 2728 724 2826 integrum
737 2751 861 2800 annum
875 2725 1007 2800 civibus

154 2869 373 2942 summopere
390 2843 662 2943 approbantibus
683 2867 878 2940 supremum
901 2841 1007 2940 magi·

154 2977 293 3034 stratum
311 2959 427 3057 gessit.
453 2959 526 3060 Qui
545 2984 624 3032 cum
643 2958 772 3056 ubique
801 2983 869 3031 non
895 2958 1005 3031 solum

154 3075 214 3148 viri
241 3075 273 3148 in
300 3100 337 3148 re
364 3074 503 3172 publica
528 3073 744 3148 versatissimi
762 3097 879 3146 verum
903 3072 1005 3146 etiam

155 3189 343 3266 doctissimi
352 3191 381 3237 ⁶²
393 3190 482 3264 sama
492 3189 673 3278 fruitussit‚
684 3187 794 3262 mirari
804 3214 872 3262 non
884 3213 1006 3286 possu-

156 3333 240 3396 mus,
259 3306 355 3404 quod
373 3310 474 3396 bota,
493 3331 573 3403 quae
591 3331 612 3380 a
629 3304 698 3378 fide
725 3303 836 3402 dignis
863 3305 1006 3379 testibus

156 3438 352 3520 acceperat,
380 3420 592 3495 Ludovicum
627 3419 759 3518 optime
788 3418 834 3493 de
868 3444 906 3493 se
932 3421 1006 3518 ipsa

156 3537 293 3628 sentire,
316 3563 385 3611 non
412 3536 469 3611 diu
495 3553 658 3612 cunctata
682 3553 746 3626 est,
770 3535 851 3634 quin
869 3535 1006 3612 abiecta
