2850 4694
649 892 745 961 xlx.

337 1198 467 1259 (Veronae,
486 1213 574 1247 mense
592 1199 708 1247 ianuario
725 1201 765 1246 vei
784 1199 926 1247 Februario
942 1213 964 1247 a.
986 1200 1065 1262 1438.)

271 1478 361 1550 Isota
387 1474 558 1574 Negarolu
583 1475 766 1550 doctissimo
792 1501 857 1549 vtro
885 1474 1001 1549 Tobiae
1016 1481 1123 1574 Burgn

619 1593 650 1664 S.
670 1595 708 1665 P.
729 1596 777 1664 D.
1149 1606 1150 1610 ’

369 1895 443 2015 ff·
460 1929 582 1977 aneon
613 1928 656 1976 ne
687 1929 805 2001 parum
833 1904 892 1977 tibi
919 1905 951 1977 in
973 1905 1122 1979 amicitia
1154 1927 1163 1978 5

335 2008 446 2143 ζ)
482 2019 694 2117 respondere
724 2020 841 2094 videar
874 2046 918 2094 ex
948 2023 1013 2095 hac
1044 2045 1122 2094 mea

403 2139 441 2225 *i
482 2135 640 2209 tarditate
665 2134 848 2209 scribendi.
874 2137 967 2223 Eam,
987 2160 1119 2232 quaeso‚

268 2249 504 2346 suspitionem,
534 2251 561 2323 si
590 2276 692 2347 quam
724 2251 812 2323 sorte
843 2251 977 2347 cepisti,
1006 2251 1121 2325 animo

268 2380 328 2436 tuo
358 2365 475 2454 erade,
507 2366 647 2463 quando
674 2365 708 2438 id
731 2365 786 2463 egi
814 2391 928 2463 neque
955 2367 1002 2439 tui
1031 2367 1120 2441 obli·

267 2479 369 2553 vione
416 2479 590 2577 (quoniam
634 2482 831 2555 memoriam
875 2498 966 2555 tuam
1019 2482 1119 2557 unice
1137 2506 1166 2543 10

314 2739 405 2788 Coliati
422 2748 496 2788 sunt:
514 2739 604 2789 Codex
622 2740 829 2789 vindobonensis
846 2754 883 2787 nr.
899 2739 1020 2804 3481(C)‚
1040 2740 1118 2790 Guel-

266 2817 413 2881 ferbytanus
429 2818 484 2882 (G),
504 2820 668 2868 Monacensis
678 2818 738 2882 (M),
758 2818 942 2869 Ricardianus
954 2834 990 2868 nr.
1004 2833 1051 2879 924
1062 2818 1116 2884 (R),

266 2898 422 2948 Veronensis
438 2899 451 2961 (
454 2899 483 2962 V)
500 2908 527 2948 et
544 2899 624 2949 editio
640 2914 663 2948 a.
686 2900 745 2959 184⁶
760 2899 809 2963 (E).

317 2977 409 3026 Tituuts
424 2978 449 3026 in
463 2980 488 3028 G
499 2981 549 3028 est:
561 2982 640 3028 Ysota
652 2982 779 3045 Nugnrola
791 2981 940 3031 doctissimo
949 2981 1004 3029 viro
1013 2981 1117 3029 Thobie

265 3057 289 3106 S.
308 3072 334 3120 p.
353 3057 378 3106 d.
398 3066 424 3106 et
447 3067 486 3107 est
510 3059 533 3106 in
557 3059 694 3111 efficacium
719 3069 745 3110 et
769 3060 945 3110 commendam
968 3061 1117 3121 eloquentie

265 3145 290 3186 et
314 3138 394 3199 pluris
418 3140 511 3188 tersior
527 3141 712 3202 venustiorquc
729 3155 776 3190 sue
796 3141 875 3203 ipsius
895 3148 1011 3189 estante
1034 3141 1118 3202 posite

266 3219 299 3265 ia.
324 3219 453 3268 Foscario.
500 3219 533 3283 (3)
559 3222 639 3269 isotte
662 3223 689 3269 E.
735 3221 838 3269 Thobie
855 3222 886 3269 R.
931 3221 963 3268 T.
982 3220 1016 3268 de
1035 3222 1063 3269 B.
1082 3221 1113 3271 C.

266 3297 453 3360 Burgoom.M.
488 3297 521 3362 (4)
532 3301 561 3348 Ρ.
581 3302 614 3348 D.
632 3314 678 3348 om.
698 3303 728 3359 R,
747 3303 779 3349 D.
793 3314 839 3349 om.
859 3300 888 3349 C.
923 3299 957 3363 (6)
975 3301 1117 3363 resp.]tnn·

264 3376 323 3425 dem
332 3379 384 3426 EV.
419 3378 452 3442 (7)
471 3381 540 3441 Eam}
555 3380 602 3428 iam
612 3381 675 3430 GM.
711 3380 744 3444 (8)
761 3380 933 3442 suspicionem
942 3382 975 3430 G.
1010 3383 1114 3444 caepa

264 3455 295 3517 (8.
314 3459 338 3520 9)
356 3473 414 3522 cep.
443 3460 521 3509 modo
547 3468 592 3509 tuo
615 3460 696 3510 corde
719 3475 756 3511 er.
775 3463 837 3511 GM.
888 3461 922 3525 (9)
939 3462 1012 3513 trade
1029 3465 1057 3523 E,
1076 3477 1116 3511 er·

265 3537 325 3585 rade
344 3540 374 3587 R.
410 3540 537 3601 Quoniam
555 3543 583 3600 E,
602 3554 659 3590 cum
676 3542 708 3592 R.
742 3542 792 3607 (ιο)
817 3556 896 3604 quum
917 3542 943 3590 V.

317 3658 377 3700 tm
391 3657 502 3713 Noguoioe
515 3659 590 3716 open„
606 3661 618 3702 Ι.
992 3664 1008 3712 9
