2850 4694
716 540 774 602 208

316 728 395 784 cuta
429 727 492 791 est,
532 736 632 807 quam
672 712 854 809 disciplina
892 712 1076 784 litterarum
1110 710 1173 801 (sic

315 826 405 900 enim
421 826 486 898 iam
501 852 596 900 suum
607 827 874 901 accomodatum
894 826 1065 923 ingenium
1084 850 1172 901 con·

315 942 521 1036 cinaveram)
536 941 581 1014 tui
601 942 704 1014 instar
722 942 865 1016 suturam
880 967 958 1016 esse
975 943 1171 1039 sperabam,

316 1073 352 1131 ut
368 1074 461 1131 esset
478 1082 547 1153 que
564 1056 750 1153 splendore
769 1058 892 1155 ingenii
911 1076 947 1131 et
964 1058 1172 1132 auctoritate

290 1172 473 1250 rdoctrine
509 1197 618 1246 meam
649 1173 863 1247 demulceret
892 1189 1108 1248 senectutem
1134 1189 1172 1246 et

316 1287 382 1362 mei
416 1288 552 1384 generis
586 1288 784 1362 seminarum
824 1289 1043 1363 illuminatum
1079 1288 1171 1363 soret

316 1407 523 1500 exemplum,
560 1405 615 1476 ubi
646 1404 835 1478 studiorum
872 1429 1024 1477 meorum
1060 1428 1172 1501 opera

316 1520 462 1614 longeva
489 1536 607 1615 posset
637 1520 818 1616 posteritas
857 1518 1061 1616 conspicari.
1098 1519 1169 1593 Sed

316 1651 429 1707 tamen
455 1651 552 1730 grate
579 1634 658 1706 milri
686 1635 838 1730 quamvis
865 1632 964 1707 tardo
983 1633 1169 1708 reddantur

274 1778 303 1814 10
316 1766 472 1846 tempore
499 1765 598 1822 erunt
623 1749 735 1823 littere
763 1768 820 1823 tue
842 1766 878 1823 et
904 1749 1006 1822 innati
1038 1748 1170 1823 doloris

316 1864 433 1938 duram
452 1881 487 1938 et
505 1881 690 1938 veteratum
702 1865 889 1962 rubiginem
901 1882 1064 1962 poterunt
1077 1865 1169 1940 sorte

314 1979 499 2078 aliquando
510 1981 638 2070 limare,
654 2006 795 2078 quarum
810 1998 987 2079 expertem
1003 2007 1069 2068 me,
1090 2008 1167 2080 pre·

315 2120 388 2185 cor,
415 2121 492 2170 esse
511 2120 578 2168 non
597 2097 696 2170 sinas.
721 2099 833 2170 Gesta
851 2097 1113 2170 Tolentinorum
1132 2115 1168 2170 et

315 2229 430 2284 nostre
445 2211 492 2284 rei
508 2212 646 2308 publice
661 2211 871 2285 calamitates
885 2212 928 2285 ad
943 2211 1166 2286 clarissimum

274 2328 483 2425 nequesnis
518 2328 647 2401 ordinis
681 2329 785 2400 virum
834 2331 899 2401 lac.
934 2331 1167 2424 Lavagnolum

314 2443 481 2516 sororium
508 2443 740 2541 superioribus
759 2444 881 2517 diebus
898 2443 1053 2517 scribens
1072 2469 1168 2517 man-

315 2558 403 2639 davi,
435 2576 470 2631 ut
500 2558 559 2632 tibi
590 2559 864 2647 ostenderentur,
895 2584 967 2656 quo
997 2559 1120 2656 possis,
1139 2560 1166 2634 si

315 2677 462 2773 placeat,
478 2675 649 2748 historiam
669 2674 868 2749 distendere
887 2675 1074 2748 noviorem.
1095 2677 1166 2750 Sed

315 2791 433 2865 rellatu
453 2790 617 2864 tabellarii
636 2790 679 2864 ad
694 2814 812 2864 manus
830 2789 1038 2864 Christolori
1060 2793 1168 2865 Pere-

271 2938 302 2975 ιο
313 2905 399 3004 grini
418 2906 464 2979 tui
484 2923 711 3003 pervenerunt
728 2931 807 2981 cum
825 2906 944 2981 litteris
965 2908 1036 2980 loh.
1056 2908 1168 3005 Supe-

314 3021 419 3096 rancii
434 3020 500 3096 mei
519 3047 686 3096 connexa.
707 3024 791 3124 Que
810 3038 918 3096 utrum
937 3021 1071 3096 reddita
1087 3022 1167 3113 sint,

315 3137 450 3211 nescius
476 3162 552 3212 esse
571 3163 640 3211 non
658 3137 772 3235 cupio.
807 3140 929 3211 Placet
946 3138 978 3211 in
996 3140 1095 3212 calce
1114 3139 1167 3212 lit·

314 3267 459 3326 terarum
486 3278 555 3350 que
584 3255 754 3350 poscebat
771 3253 949 3342 exordium
968 3255 1168 3352 persolvere

314 3369 411 3441 velle.
455 3369 571 3442 Primo
598 3393 746 3465 namque
772 3394 884 3442 meum
914 3385 988 3442 erat
1012 3369 1166 3443 olficium

270 3519 295 3568 ις
315 3483 495 3581 spectabili
526 3500 584 3557 tue
615 3484 722 3574 matri,
752 3509 855 3582 quam
885 3486 932 3558 ob
962 3484 1036 3560 eius
1061 3483 1167 3583 digna
