2850 4694
890 568 944 629 126

489 742 534 816 de
552 741 649 815 vobis
674 740 830 814 admirari
857 740 949 825 licet,
972 763 1051 835 quae
1070 737 1101 809 in
1120 739 1185 811 hac
1204 754 1343 834 tempo

489 882 573 943 rum,
605 874 640 929 ut
665 856 712 929 ita
737 855 891 944 dixerim,
911 854 1000 929 saece
1019 871 1091 928 tam
1105 852 1250 941 erudite,
1270 870 1340 927 tam

488 973 641 1070 expolite
684 989 823 1068 tamque
852 972 1058 1066 eloquentes
1087 968 1273 1058 evaseritis,
1306 985 1342 1041 ut

488 1112 626 1163 omnem
653 1087 741 1160 illam
769 1085 942 1184 pristinam
968 1083 1201 1181 eloquentiam
1228 1101 1264 1157 et
1290 1083 1342 1158 di-

462 1204 580 1289 scenti
618 1220 738 1294 artem,
778 1227 858 1299 quae
904 1204 1008 1299 longa
1044 1199 1272 1275 desuetudine
1306 1216 1342 1272 et

488 1338 681 1417 temporum
700 1335 810 1393 tractu
829 1320 985 1392 tabuerat
1002 1333 1038 1390 et
1054 1316 1227 1390 declinata
1244 1315 1342 1414 peni·

488 1452 541 1509 tus
559 1450 643 1524 erat,
661 1435 694 1507 in
711 1433 809 1508 vobis
834 1433 951 1531 vigere
968 1450 1004 1506 et
1021 1431 1225 1506 reviviscere
1243 1431 1342 1504 intel-

487 1550 639 1649 ligamus.
663 1550 859 1624 Carmentis
877 1549 1030 1646 quidem,
1050 1548 1211 1623 Pallantis
1228 1547 1340 1646 Virgi-

487 1664 565 1739 liani
592 1682 710 1755 mater,
742 1682 777 1738 ut
802 1667 847 1738 ab
877 1663 1117 1761 antiquissimis
1142 1663 1341 1736 auctoribus

446 1810 476 1848 10
488 1782 698 1880 accepimus,
713 1779 809 1877 quod
831 1782 1028 1878 complures
1045 1777 1219 1876 alphabeti
1234 1778 1340 1852 nostri

488 1898 611 1996 figuras
629 1896 737 1995 prima
755 1897 892 1986 invenit,
903 1895 990 1969 inter
1003 1895 1140 1968 Latinas
1157 1894 1241 1968 deas
1256 1919 1342 1967 con·

489 2030 664 2087 numerata
693 2029 764 2101 est3
795 2012 857 2086 sed
885 2036 955 2108 quo
981 2011 1088 2109 digno
1114 2035 1175 2084 vos
1202 2010 1342 2083 nomine

487 2129 746 2226 appellabimus,
757 2153 837 2225 quae
851 2153 920 2201 non
933 2126 1108 2225 alphabeti
1123 2125 1263 2215 litteras,
1277 2125 1342 2199 sed

489 2243 597 2316 Latini
628 2244 795 2318 sermonis
824 2259 861 2316 et
891 2241 1040 2316 Romani
1072 2241 1212 2338 eloquii,
1244 2225 1342 2337 quoil

445 2388 471 2440 15
487 2376 589 2434 antea
606 2359 688 2433 raris
706 2359 910 2448 hominibus,
930 2358 1026 2431 nullis
1043 2382 1127 2430 vero
1145 2356 1343 2430 mulieribus

487 2475 651 2549 familiare
678 2474 749 2565 luit,
772 2473 1044 2549 conservatrices
1070 2489 1107 2547 et
1132 2472 1343 2546 restauratri-

534 2749 567 2813 (ι)
594 2750 629 2799 de
646 2749 732 2797 verbis
749 2750 780 2798 κ
825 2747 859 2813 (a)
884 2748 972 2797 iecere
989 2748 1020 2808 C,
1038 2748 1095 2797 lece
1113 2748 1170 2807 GV,
1197 2747 1253 2796 iere
1276 2749 1340 2797 MR.

494 2843 533 2878 am
554 2829 656 2879 erudite
676 2829 707 2878 R·
742 2827 776 2892 (3)
798 2838 923 2890 tamquam
942 2828 973 2885 C,
992 2836 1109 2890 tanquam
1125 2828 1157 2876 R.
1192 2828 1343 2889 eloquentia

488 2912 521 2971 G,
540 2913 703 2973 alloquentes
719 2911 751 2969 R,
771 2911 973 2972 elloquenterl'.
1008 2909 1151 2958 evaseritur
1166 2909 1198 2957 R
1227 2907 1262 2972 (4)
1279 2911 1342 2959 ello

487 2991 616 3053 quentiam
637 2991 665 3038 V.
699 2988 734 3054 (ς)
750 2999 806 3039 arte
827 2992 854 3038 V.
889 2988 923 3053 (ὁ)
940 2996 1037 3038 tractus
1054 2997 1080 3037 et
1105 2987 1224 3038 distincta
1247 2995 1273 3037 et
1296 2989 1342 3038 de·

487 3071 578 3121 clinata
604 3071 636 3119 R.
686 3070 840 3119 titubaverat
871 3072 903 3127 G,
941 3069 1066 3119 tribuerat
1093 3070 1131 3118 Μ.
1176 3068 1281 3117 delinita
1312 3070 1340 3116 V.

487 3149 521 3215 (7)
540 3151 705 3199 reminiscere
722 3150 751 3200 0
787 3163 839 3198 rev.
853 3150 956 3212 penitus
973 3149 1134 3212 intelligimus
1151 3150 1182 3198 R.
1217 3146 1278 3210 (bol
1293 3148 1342 3197 vir-

487 3232 569 3295 gilium
586 3232 616 3281 C.
657 3230 691 3294 (9)
710 3232 746 3291 ut]
772 3230 851 3278 nostri
870 3231 902 3279 G.
936 3231 1070 3279 autoribus
1088 3230 1121 3278 G.
1165 3227 1214 3292 (ro)
1231 3228 1292 3290 quia
1313 3230 1340 3276 V.

487 3312 575 3373 plures
587 3311 619 3367 R,
637 3324 695 3360 cum
712 3313 800 3372 plures
816 3311 867 3359 cett.
901 3310 994 3371 alphati
1006 3308 1062 3372 (om.
1073 3309 1162 3372 nostri)
1176 3310 1209 3358 G.
1222 3309 1290 3369 alph.
1305 3309 1342 3356 lit·

487 3398 556 3438 teras
573 3399 673 3439 nostras
689 3390 737 3438 inv.
757 3392 780 3439 R
796 3389 853 3452 (om.
872 3389 970 3452 prima).
1005 3388 1055 3451 (ιι)
1072 3387 1129 3450 sed]
1147 3389 1184 3437 sic
1199 3389 1262 3437 GM.
1288 3402 1342 3450 quo

486 3483 533 3518 vos
550 3468 628 3532 digno
646 3471 678 3518 G.
714 3468 763 3532 (ις)
780 3482 832 3531 qua
848 3470 886 3518 Μ.
920 3468 1014 3530 alphati
1032 3469 1065 3517 G.
1100 3476 1140 3517 set
1155 3469 1182 3515 V.
1217 3466 1342 3531 (14)cllo-

487 3549 541 3611 quii
561 3548 592 3598 R.
