2850 4694
826 560 941 605 exuvltl

460 727 493 763 ne
522 727 571 776 per
597 715 663 761 nltro
690 711 768 762 modo
795 710 943 760 tmnslerire
971 713 995 760 el
1022 709 1134 759 dominio
1162 709 1187 757 di
1215 710 1230 757 li
1250 709 1309 758 dicti

458 806 517 856 moy
544 792 603 842 beni
638 805 714 842 senze
745 791 912 855 urgentisslmi
945 806 960 841 e
988 790 1209 840 necessitutissimn
1233 802 1309 838 cause

457 873 582 935 npnobots
598 886 647 935 per
663 873 679 920 li
696 872 795 934 Signori
807 870 841 920 de
859 873 882 919 ln
898 869 975 933 pietl.
996 871 1058 919 item
1075 872 1132 918 laxo
1149 883 1206 931 mey
1220 870 1309 917 comis-

455 952 513 1012 seril
530 959 557 1002 et
573 952 706 1002 executori
723 949 756 1001 de
773 953 797 1000 lo
814 951 862 1000 mio
878 949 1016 999 voluntede
1033 950 1048 998 li
1064 950 1163 1012 signori
1176 949 1210 997 de
1222 951 1244 996 ln
1256 950 1309 1011 pie-

455 1034 516 1084 tede
534 1034 639 1083 insieme
655 1046 713 1083 cum
731 1033 747 1082 li
763 1031 823 1082 dicti
840 1046 898 1095 mey
914 1031 965 1080 fioli
983 1029 1117 1093 ludovigo
1134 1045 1149 1079 e
1167 1032 1246 1078 Ysotu
1262 1031 1310 1078 mio

455 1115 521 1173 llole.
550 1113 637 1164 dendo
660 1128 676 1162 ιι
700 1116 756 1163 loro
782 1114 858 1176 piene
884 1113 983 1162 licentis
1000 1113 1048 1161 che
1065 1111 1099 1160 de
1117 1113 1234 1160 l'entnete
1252 1110 1276 1158 di
1294 1113 1309 1158 li

455 1192 516 1245 dieti
541 1193 601 1243 beni
626 1207 738 1256 posseno
761 1193 885 1254 exequire
910 1199 1001 1254 questu
1026 1191 1074 1240 min
1092 1190 1246 1240 voluntode:
1261 1205 1309 1239 con

456 1273 499 1338 piil
522 1273 636 1325 comodo
659 1272 694 1323 de
718 1272 877 1335 linlrescripti
901 1286 959 1336 mey
984 1270 1082 1334 heredy
1104 1271 1153 1320 che
1176 1285 1206 1319 se
1223 1285 1307 1333 possa.

458 1356 485 1404 ln
508 1355 554 1403 tuti
577 1355 593 1403 li
616 1354 672 1403 ultri
697 1367 755 1417 mey
781 1354 840 1403 beni
858 1353 944 1402 mobili
961 1366 977 1401 e
994 1366 1044 1401 non
1061 1352 1146 1400 mobili
1163 1351 1309 1413 presentie

457 1433 534 1484 futuri
558 1441 585 1483 et
610 1434 752 1483 nominibus
776 1433 922 1483 debitorum
947 1431 1084 1481 instituisso
1109 1429 1243 1493 Lodovigo
1261 1431 1310 1478 mio

457 1515 518 1565 nolo
534 1515 585 1564 mio
602 1513 684 1563 erede
702 1515 853 1571 universale,
867 1527 883 1562 e
900 1527 930 1562 se
942 1515 966 1562 el
977 1512 1048 1562 (licto
1060 1511 1194 1575 Ludovigo
1203 1512 1309 1560 monisse

458 1594 674 1658 quendocunque
698 1608 775 1643 senze
798 1595 849 1645 lloli
875 1593 968 1643 ntssclti
993 1593 1104 1656 legittimi
1122 1593 1226 1641 naturali
1243 1606 1258 1639 e
1276 1590 1309 1639 dc

459 1675 581 1739 legitllmo
606 1675 765 1724 matrimonio
789 1675 848 1734 neti,
873 1675 958 1738 volgio
984 1675 1032 1723 che
1059 1673 1074 1721 li
1098 1672 1157 1721 dicti
1175 1686 1232 1736 mey
1250 1673 1308 1719 beni

457 1754 536 1805 debit
560 1754 649 1804 venire
673 1755 696 1804 in
722 1757 745 1803 ln
767 1754 835 1804 dicte
857 1755 907 1804 mis
929 1754 989 1803 ssoln
1013 1755 1091 1802 Ysotu
1108 1767 1123 1801 e
1140 1753 1217 1813 quelli
1234 1751 1311 1799 debio

458 1833 564 1899 galders
579 1842 636 1885 tuto
652 1837 678 1885 el
693 1842 782 1899 tempo
798 1834 833 1884 de
850 1836 874 1883 le
889 1835 940 1884 vite
955 1848 1009 1893 suo,
1027 1847 1044 1882 e
1059 1832 1131 1895 dopo
1148 1834 1172 1881 lu
1182 1840 1264 1880 morte
1276 1831 1310 1880 de

458 1916 482 1964 ln
505 1915 567 1964 dete
587 1917 666 1965 Ysots
681 1915 767 1978 volgio
784 1917 832 1964 clte
849 1915 864 1964 li
882 1915 942 1964 dicti
959 1914 1008 1963 mei
1026 1913 1085 1963 beni
1102 1913 1237 1962 deveniant
1255 1912 1277 1960 in
1295 1914 1310 1959 ll

459 1995 616 2058 inpreseripti
634 1997 683 2045 mei
700 1996 751 2045 fioli
768 1996 872 2044 Messon
883 1995 1010 2044 Anthonio
1022 2009 1037 2043 e
1050 1993 1170 2044 leonardo
1181 1993 1213 2041 dn
1226 1993 1311 2054 Noge-

458 2076 522 2125 rolle
546 2090 565 2125 ο
586 2076 624 2125 siu
646 2089 694 2139 soy
715 2076 766 2125 fioli
788 2076 882 2125 mesthi
906 2075 1019 2138 legittimi
1035 2075 1140 2123 nslureli
1157 2089 1172 2123 o
1189 2073 1223 2123 de
1241 2075 1311 2122 bono

459 2157 618 2206 metrlmonio
633 2157 684 2206 neti
701 2164 729 2206 ut
744 2170 823 2219 supro
839 2157 1014 2218 equuvinciter
1031 2171 1046 2205 e
1064 2154 1203 2204 menosndo
1219 2158 1311 2203 ulcuno

458 2235 492 2286 de
509 2238 566 2286 loro
582 2250 659 2286 senze
673 2237 724 2286 lloli
741 2237 835 2287 moschi
851 2236 964 2300 legittimi
982 2237 1086 2286 naturali
1100 2244 1126 2284 ut
1137 2250 1215 2298 supra
1225 2235 1311 2297 volpio

458 2316 507 2365 che
524 2317 540 2365 li
556 2316 617 2366 dieti
634 2331 692 2381 mey
708 2317 768 2366 beni
784 2317 856 2367 siano
872 2316 906 2366 de
923 2318 996 2366 lultro
1012 2314 1128 2375 indello,
1147 2329 1164 2365 o
1180 2317 1217 2364 sio
1233 2315 1267 2364 de
1296 2317 1310 2363 li

458 2412 505 2461 soy
528 2396 628 2460 neredy
644 2397 738 2447 moscini
755 2397 867 2461 legittiml
884 2397 990 2446 netunoll
1008 2403 1136 2457 utsupra,
1156 2394 1311 2443 intendendo

458 2492 475 2529 e
498 2475 656 2527 declarando
680 2489 785 2538 sempre
808 2479 831 2526 le
856 2477 903 2525 mia
921 2475 1060 2525 intentione
1077 2475 1125 2524 che
1143 2475 1159 2522 li
1176 2474 1235 2524 dicti
1254 2489 1311 2536 moy

459 2557 519 2608 beni
535 2569 585 2606 non
603 2570 702 2606 enseno
718 2554 819 2619 meyde
836 2556 861 2603 lu
876 2568 936 2605 osse
951 2553 984 2604 ds
997 2555 1138 2618 Nogsrolle
1149 2567 1156 2601 t
1168 2555 1231 2602 ltem
1243 2556 1310 2602 lasso

459 2640 508 2690 else
523 2639 562 2687 sel
579 2636 649 2687 dicto
666 2637 808 2700 Lodovigo,
822 2638 910 2696 Υιοιι,
925 2638 1028 2686 Messes
1038 2635 1174 2692 Anthemu,
1189 2633 1310 2683 Lonordo

459 2717 624 2781 suprascripti
648 2717 773 2767 morissini
797 2730 874 2766 senze
895 2717 946 2766 noli
969 2715 1063 2766 meschl
1079 2714 1192 2778 legittimi
1207 2716 1310 2761 naturali

460 2805 488 2848 ut
503 2811 582 2860 supro
598 2812 614 2847 e
630 2799 687 2847 lore
703 2797 754 2847 lloll
770 2809 847 2846 senze
862 2796 930 2846 lllioli
948 2795 1060 2860 legittimi
1078 2801 1105 2844 ul
1122 2806 1200 2856 supro
1215 2794 1239 2842 in
1260 2793 1310 2840 infi-

459 2878 546 2936 nitum,
570 2877 632 2926 voio
654 2877 703 2926 elie
728 2876 744 2926 li
763 2875 824 2926 dieti
847 2889 905 2940 mey
921 2875 980 2925 beni
997 2874 1139 2924 deveniene
1155 2889 1170 2923 n
1186 2875 1210 2922 lu
1225 2880 1311 2921 sancta

459 2956 527 3007 Ces·
542 2955 577 3006 de
597 2958 621 3005 le
636 2955 740 3019 pletede
755 2954 791 3005 de
807 2955 918 3015 Verona,
937 2968 986 3005 con
1002 2962 1097 3017 questo
1114 2954 1163 3002 elle
1179 2954 1195 3001 li
1213 2953 1309 3015 Signori

459 3034 494 3086 de
521 3037 545 3085 Ιι
569 3035 674 3098 pietude
696 3035 768 3084 sisno
793 3035 897 3098 obligati
924 3033 962 3083 lu·
988 3033 1123 3083 celebrere
1151 3033 1217 3081 omni
1244 3046 1310 3080 anno

459 3130 512 3167 uno
532 3117 624 3166 enoele
646 3129 662 3165 ι
685 3123 772 3165 senet·
793 3116 928 3165 Anestuxiu
952 3116 1030 3177 perl'
1049 3114 1226 3163 animoniae
1244 3113 1277 3161 de
1295 3114 1310 3160 li

459 3195 518 3247 miel
541 3196 621 3259 peseti
644 3210 660 3246 e
676 3195 748 3245 siano
764 3196 830 3245 oltra
845 3194 880 3244 de
895 3201 990 3257 questo
1006 3194 1111 3257 obligati
1126 3194 1223 3242 uiutore
1239 3194 1311 3240 meri·

459 3284 515 3325 lere
531 3291 547 3326 e
563 3276 683 3325 suvenire
700 3275 723 3324 in
740 3275 808 3325 omni
824 3288 871 3324 sue
886 3271 1049 3324 necessitudo
1065 3285 1081 3320 e
1099 3271 1121 3320 in
1139 3272 1205 3320 omni
1223 3279 1310 3332 tempo

459 3356 506 3405 tutl
530 3369 546 3405 e
569 3362 624 3404 tute
649 3355 664 3404 li
686 3355 792 3418 proximi
817 3368 833 3403 e
857 3353 972 3418 proxime
989 3351 1088 3415 petenti
1105 3365 1121 3400 e
1138 3359 1245 3414 ponente
1262 3352 1310 3399 che

459 3434 543 3484 luxlne
568 3434 625 3483 usitl
646 3432 681 3483 de
704 3434 736 3483 mi
759 3448 775 3483 e
799 3433 834 3483 de
858 3433 890 3482 mi
914 3431 965 3481 lloll
987 3445 1003 3480 e
1027 3432 1096 3490 nole,
1114 3445 1130 3479 e
1147 3443 1224 3493 sege
1241 3429 1311 3478 losse

459 3515 568 3580 quelche
593 3522 700 3581 petente
716 3513 751 3567 tle
767 3513 784 3565 li
801 3515 954 3575 Bomromey
970 3511 1128 3574 bisognusse‚
1146 3525 1161 3559 n
1178 3511 1223 3560 tuti
1240 3511 1311 3559 siuno
