2850 4694
656 585 732 634 cxlx

267 740 371 795 Guarini
393 745 552 794 veronensis
574 745 670 794 litteras
687 746 814 794 nonnullae
831 752 915 794 extant
931 744 963 795 ad
981 745 1118 795 Feltrinum

267 823 404 875 Boiardum
419 825 546 888 epistolae.
566 824 686 874 Eiusdem
702 825 786 874 oratio
801 839 864 888 apro
879 824 1015 888 splendido
1031 827 1119 889 equite

265 904 369 957 minino
392 905 505 956 Feltrino
530 905 642 956 Boiardo
667 904 700 955 ad
723 906 847 955 illustrem
871 904 1010 956 Mediolani
1025 905 1119 957 ducem

250 986 363 1059 ¹ltabitaa
381 986 474 1049 legitur
490 985 514 1034 in
529 982 622 1036 codice
639 983 831 1035 vindobonensi
845 997 911 1045 333ο.

317 1059 341 1108 ⁴⁶
365 1065 489 1116 Nleoiaus
513 1066 612 1115 Barbus
634 1079 657 1114 a.
686 1077 746 1124 1440
768 1078 891 1116 unacum
909 1067 994 1116 lauro
1011 1066 1119 1128 Quirino

266 1154 292 1194 et
315 1146 452 1196 Francisco
477 1145 627 1196 contareno
656 1145 800 1208 apologiam
827 1145 954 1207 quandam
982 1145 1119 1195 nobilitatis

266 1226 374 1276 venetas
396 1234 486 1276 contra
509 1226 633 1289 Poggium
656 1225 757 1289 scripsit
784 1224 861 1289 (conl.
880 1226 1037 1290 Agostinium
1055 1227 1072 1274 1.
1092 1239 1117 1288 p.

267 1317 319 1366 114
348 1308 412 1371 alli·
439 1320 462 1356 a
492 1318 551 1366 1441
576 1306 718 1356 orationem
736 1306 822 1354 habuit
847 1305 871 1354 in
895 1307 1019 1356 bonorem
1043 1306 1119 1355 Fran·

266 1388 326 1437 claci
337 1386 477 1437 Contereni
494 1385 572 1437 modo
588 1385 689 1446 laudati,
708 1399 766 1435 cum
783 1387 803 1434 is
823 1387 933 1436 Pataviaa
950 1386 1120 1449 philosophi·

267 1477 292 1517 et
309 1470 393 1531 legum
409 1466 503 1517 doctor
518 1475 622 1517 creatus
639 1475 709 1516 esset
726 1466 849 1531 (Agostini
867 1468 898 1516 ΙΙ.
917 1482 943 1530 p.
965 1468 1026 1531 145).
1051 1468 1120 1530 Quas

269 1549 382 1598 alvicolai
407 1548 483 1597 Barbi
511 1548 608 1610 patricii
636 1548 728 1597 veneti
753 1548 835 1597 oratio
857 1547 881 1596 in
899 1546 1001 1597 laudem
1018 1548 1121 1599 nobilis·

266 1630 319 1679 simi
343 1629 388 1678 viri
414 1631 442 1678 F.
467 1629 607 1680 Contereni
631 1630 723 1679 artium
745 1627 859 1678 doctoris
881 1628 1025 1679 clarissimi·
1051 1638 1120 1680 catal

267 1710 341 1759 etiam
368 1711 393 1757 in
417 1708 509 1759 codice
541 1708 734 1760 vindobonensi
760 1723 798 1759 nr.
829 1721 896 1769 333ο.
926 1711 1060 1759 preterea
1085 1712 1119 1760 ab

267 1790 404 1839 limanuele
421 1789 536 1852 Cicogna
552 1790 638 1854 (Delie
656 1790 798 1840 inscriaioni
815 1790 960 1840 venetiano
977 1791 1116 1854 v1.p.1ot

265 1872 334 1933 sqq.)
353 1870 458 1920 asermo
473 1870 605 1920 continens
622 1868 712 1920 laudea
728 1871 754 1919 S.
773 1868 910 1920 Romualdi
921 1885 970 1933 per
981 1871 1117 1921 Nicolaum

267 1951 401 2009 Barbulam
412 1958 464 1999 tum
477 1950 575 2000 Nicolai
588 1951 663 2000 Barbi
675 1950 773 2013 patricii
784 1950 877 2000 veneti
893 1951 1010 2013 epistola
1027 1964 1119 2001 novem

265 2030 368 2092 scriptae
375 2029 488 2079 Andreae
498 2030 672 2093 Trapezuntio
683 2029 815 2093 (venetiis,
829 2031 874 2079 ΧΙ.
889 2032 945 2081 Kal.
960 2033 1026 2082 Dec.
1040 2031 1117 2095 1442),

268 2112 348 2161 Paulo
373 2111 459 2161 Barbo
483 2109 616 2172 (venetiis,
635 2108 718 2172 pridie
742 2112 798 2160 Kal.
816 2111 905 2174 Quint.
926 2112 1003 2176 1441),
1023 2112 1118 2162 laoobo

265 2191 300 2240 de
318 2191 455 2240 Riaonibus
472 2189 604 2252 (venetiis,
629 2191 659 2239 v.
679 2188 716 2238 ld.
734 2191 806 2253 Sept.
830 2190 908 2253 1441),
925 2191 1034 2242 Tbomm
1052 2193 1118 2242 Pon-

265 2269 466 2331 tanolveuetiis‚
477 2271 544 2319 vili.
564 2271 619 2319 Kal.
639 2270 799 2333 [sici]1439)‚
814 2271 891 2320 lsote
908 2272 1047 2335 Nogarolaa
1058 2272 1118 2336 (ve

266 2350 348 2409 netiia,
366 2350 396 2398 v.
423 2351 478 2400 Kal.
508 2349 681 2413 Decembris),
705 2350 817 2400 Antonio
842 2351 1020 2401 Panormitano
1041 2351 1118 2414 (binas

266 2431 358 2480 littero
373 2442 395 2479 a.
412 2431 428 2478 l.
447 2443 472 2479 e.
488 2431 534 2494 a),
551 2429 661 2479 Thomas
670 2432 788 2481 Pontano
799 2429 934 2493 (venetiis,
950 2445 971 2481 s.
988 2446 1011 2481 a
1024 2440 1051 2482 et
1068 2433 1118 2482 ve·

267 2510 351 2570 netiis,
367 2507 428 2559 idus
443 2508 583 2572 Quintilis),
599 2508 712 2572 denique
725 2511 854 2573 «Epistola
870 2511 970 2561 Nicolai
988 2512 1064 2561 Barbi
1082 2510 1115 2561 ad

267 2590 427 2639 Franciscum
440 2589 595 2639 Barbarum»
606 2588 665 2639 data
676 2597 856 2640 memorantur.
871 2591 980 2640 Nicoiao
992 2591 1078 2641 Burbu
1090 2599 1117 2640 et

265 2670 407 2719 Hermolao
432 2669 512 2719 Celso
527 2666 647 2720 dedicata
671 2679 711 2719 eat
735 2684 759 2720 a.
781 2682 839 2735 1441
856 2660 969 2721 Andreas
993 2671 1114 2722 Contrari

265 2750 389 2800 invectiva
410 2748 528 2811 quaedam
558 2751 734 2800 aMamurclta»
758 2751 879 2813 inscripta
895 2751 1018 2816 (Agostini
1035 2752 1065 2801 ll.
1090 2765 1115 2814 p.

265 2830 330 2893 43ο).
358 2832 400 2881 De
425 2831 525 2882 Nicolai
549 2831 600 2880 vita
627 2831 684 2880 haec
708 2839 838 2894 preterea
862 2832 890 2880 Ε.
917 2831 1032 2896 Cicogna
1054 2833 1070 2880 l.
1097 2832 1113 2880 l.

266 2925 292 2974 p.
312 2923 376 2971 ¹0⁴²
394 2912 427 2960 ail
445 2919 535 2960 nostro
552 2909 646 2961 lvioolb
662 2910 688 2960 su
702 2918 846 2973 approvato
857 2925 911 2974 ,per
927 2912 1063 2975 l’ingresso
1075 2913 1115 2960 nel

267 2991 384 3055 Maggior
394 2991 525 3055 consigiio
536 2989 580 3040 del
599 3003 675 3052 14333
698 2989 723 3040 iu
739 2989 783 3040 del
801 2991 861 3052 1448
876 2989 1076 3041 Ambasciadore
1092 2991 1116 3039 a'

265 3070 343 3121 conu
364 3069 390 3121 di
412 3072 497 3134 Segne
520 3085 569 3134 per
584 3071 765 3135 rappaciticarli
781 3071 895 3131 insieme,
912 3070 1024 3121 siccome
1041 3085 1056 3119 e
1073 3084 1118 3120 no·

265 3159 319 3202 tato
343 3153 411 3201 nelle
433 3151 593 3215 Genealogie
609 3150 680 3202 dello
695 3159 780 3201 stesso
798 3152 888 3201 Marco
906 3151 1037 3211 Barbaro;
1064 3151 1117 3200 esi

264 3244 310 3282 era
324 3231 486 3295 ammogiiato
502 3234 543 3281 nel
562 3243 603 3296 145
609 3244 619 3291 3
638 3245 686 3281 con
704 3229 789 3281 donna
805 3231 949 3295 Peiiegrina
966 3231 1117 3281 franceschi

264 3310 291 3362 di
307 3312 454 3361 Tommaso.
469 3312 581 3376 Ignorasi
591 3312 607 3360 il
618 3319 707 3375 tempo
717 3309 785 3360 della
796 3325 843 3360 sua
854 3319 959 3360 mortem
979 3314 1009 3359 Α.
1025 3322 1116 3375 1450-

267 3402 324 3451 rati
354 3391 478 3441 remita
504 3392 662 3441 venetorum
696 3391 796 3440 nomine
823 3391 1000 3440 Vise-Domini
1026 3405 1117 3441 munus

264 3472 381 3535 carew.
400 3473 459 3522 Erat
475 3480 561 3522 autem
578 3473 649 3522 Petri
667 3473 743 3522 Barbi
759 3471 831 3532 filius,
850 3472 894 3534 qui
906 3486 928 3520 a.
945 3484 1003 3531 1411
1015 3472 1116 3522 Claram

267 3551 380 3600 Bocbam
396 3551 420 3600 in
437 3552 620 3602 matrimonium
637 3550 752 3602 duxerat.
