2850 4694
667 585 716 632 Ul!

271 742 332 819 suit
348 742 520 840 superbia,
547 759 582 815 at
607 740 796 817 secundum
822 739 976 838 speciem
1007 766 1127 839 super·

272 859 340 932 biae
358 857 477 931 mulier
492 855 628 955 gravius
646 855 817 954 peccavit,
837 871 907 930 tum
925 857 1007 954 quia
1022 856 1125 930 etiam

272 973 379 1049 maior
397 973 459 1046 suit
474 971 580 1046 elatio
599 971 747 1046 mulieris
760 995 862 1069 quam
876 970 948 1061 viri,
963 989 1033 1044 tum
1047 972 1127 1070 quia

273 1089 392 1162 mulier
421 1113 490 1161 non
524 1088 632 1160 solum
669 1087 742 1184 ipsa
768 1086 938 1182 peccavit,
965 1086 1027 1160 sed
1053 1087 1126 1160 viro

271 1203 374 1278 etiam
392 1202 574 1301 suggessit,
593 1227 699 1301 quare
718 1202 878 1299 peccavit
903 1202 936 1274 in
963 1201 1065 1276 deum
1091 1220 1127 1276 et

273 1317 305 1390 in
323 1319 531 1392 hominem·

321 1437 416 1534 Quae
435 1433 522 1507 ratio
541 1433 628 1506 inter
647 1450 824 1531 utramque
851 1432 978 1531 dialogi
1005 1458 1127 1507 recen-

271 1549 404 1623 sionem
418 1548 622 1638 intercedat,
633 1574 723 1622 nunc
737 1549 909 1646 quaeritur.
927 1548 996 1622 Sed
1010 1575 1126 1623 verum

272 1665 355 1738 vidit
381 1665 446 1739 iam
473 1664 592 1762 Scipio
612 1665 744 1752 Maffei,
763 1664 821 1763 qui
840 1664 873 1736 in
895 1667 1035 1738 Verona
1051 1668 1128 1739 lllu·

272 1798 376 1856 strata
393 1780 470 1878 (vol.
491 1783 517 1854 ll
539 1807 573 1853 ιιι
590 1807 621 1878 p.
635 1780 693 1878 96)
709 1780 931 1854 Franciscum
950 1782 1126 1856 Comitem

275 1899 487 1995 Nogarolam
506 1895 679 1994 dialogum
697 1898 742 1970 ab
761 1900 851 1969 lsota
868 1921 912 1969 ex
929 1897 998 1971 suis
1024 1897 1128 1995 ipsius

272 2029 309 2087 et
327 2011 513 2086 Fuscareni
532 2011 651 2085 litteris
669 2012 899 2109 compositum
918 2037 963 2086 eo
981 2013 1128 2087 consilio

273 2128 498 2226 perpolivisse
531 2146 568 2202 et
602 2128 782 2202 mutavisse
816 2127 911 2218 dixit,
939 2146 975 2201 ut
1001 2132 1127 2204 loanne

275 2244 454 2342 Naugerio
489 2245 520 2317 in
551 2244 756 2318 societatem
790 2243 918 2342 dialogi
952 2263 1128 2343 assumpto

272 2360 401 2459 gratius
431 2361 528 2434 lieret
559 2363 794 2435 munusculum
820 2360 1016 2435 litterarium
1044 2364 1128 2435 Ber·

275 2475 383 2549 nardo
395 2475 745 2574 Naugeriooblatum.
762 2475 1127 2575 Quaesententiaquin

274 2591 434 2666 omnibus
448 2592 596 2666 numeris
610 2609 705 2665 recte
719 2616 757 2664 se
772 2593 899 2665 habeat
913 2616 1015 2664 nemo
1029 2589 1129 2663 dubi-

275 2707 370 2798 tabit,
384 2707 442 2804 qui
456 2706 726 2781 consideraverit
739 2709 900 2780 loannem
917 2705 1127 2803 Naugerium

275 2822 418 2919 primum
436 2847 466 2895 a.
493 2843 594 2923 1425,
612 2848 684 2921 quo
702 2839 859 2920 tempore
873 2824 965 2895 lsota
977 2820 1032 2893 vix
1050 2846 1129 2919 sep-

275 2953 344 3011 tem
362 2961 470 3011 annos
490 2954 568 3010 nata
584 2953 668 3026 erat,
683 2954 753 3010 tum
772 2961 975 3034 perpaucos
993 2960 1129 3009 menses

274 3077 304 3126 a.
331 3054 457 3150 1434⁶5
478 3072 625 3150 praetura
642 3052 834 3127 Veronensi
861 3053 1013 3127 sunctum
1039 3076 1128 3142 esse,

275 3192 346 3265 quo
381 3186 539 3266 tempore
574 3173 664 3243 lsota
700 3169 806 3243 sacris
848 3168 966 3241 litteris
1009 3192 1128 3265 parum

276 3301 404 3358 tantum
429 3283 532 3359 studii
554 3284 780 3383 impenderat,
800 3327 844 3337 —
865 3283 1083 3358 leonardum
1109 3308 1131 3356 a

276 3402 404 3474 loanne
439 3400 618 3497 Naugerio
648 3400 773 3497 pluries
809 3400 1041 3474 Protonotarii
1067 3424 1130 3472 no-

277 3515 368 3588 mine
396 3516 574 3614 appellari,
601 3516 633 3588 in
668 3540 812 3613 quorum
839 3515 1024 3613 collegium
1049 3530 1130 3621 post
