2850 4694
665 589 715 649 ¹93

264 742 436 815 dissimum
463 742 643 839 epistolam
678 743 794 815 electo
824 766 866 814 ac
897 740 1115 814 ornatissimo

264 858 343 932 stilo
361 858 589 955 compositam
617 859 649 930 in
668 881 897 954 unoquoque
918 857 1026 930 verbo
1045 880 1114 950 maf

265 972 354 1046 xime
385 997 603 1046 commorans
633 973 735 1047 etiam
761 989 866 1068 atque
892 972 994 1044 etiam
1021 974 1115 1068 lege-

264 1112 347 1174 rem,
374 1113 507 1161 summo
533 1112 575 1161 ac
601 1087 795 1161 vehementi
822 1086 945 1159 dolore
971 1085 1115 1159 allectus

264 1229 337 1276 sum
365 1229 385 1278 a
411 1229 466 1277 me
502 1205 578 1301 ipso
605 1228 743 1277 causam
774 1202 939 1276 ellerendi
972 1202 1116 1299 ineptias
1148 1231 1157 1277 s

265 1344 357 1394 meas
376 1320 435 1392 tibi
453 1345 530 1392 esse
554 1335 758 1416 porrectam.
794 1317 1114 1392 Animadvertebam

264 1435 353 1507 enim
374 1461 441 1507 non
461 1434 671 1508 mediocrem
690 1435 752 1508 sed
769 1434 973 1531 singularem
1005 1457 1115 1531 prope

264 1550 435 1648 quandam
454 1549 595 1624 dicendi
615 1549 811 1623 facultatem
830 1565 1003 1646 tamquam
1022 1571 1042 1621 a
1059 1573 1114 1621 me

265 1666 329 1739 iam
358 1684 499 1762 partam,
518 1690 619 1762 quarn
642 1665 742 1738 valde
769 1682 925 1761 optarem
953 1687 1055 1761 posse
1081 1664 1113 1735 in

265 1807 319 1854 me
347 1807 414 1854 non
441 1781 611 1854 immerito
632 1779 831 1868 desiderari,
849 1777 1115 1877 praeclarissimis
1131 1806 1160 1843 ιο

265 1895 419 1970 laudibus
446 1922 466 1969 a
491 1913 525 1969 te
549 1897 621 1993 ipsa
638 1896 671 1967 in
691 1896 741 1969 his
760 1896 823 1968 tuis
840 1894 1043 1969 suavissimis
1062 1894 1114 1966 lit-

265 2013 345 2085 teris
372 2013 403 2084 in
431 2014 552 2085 caelum
577 2036 685 2109 usque
703 2011 831 2085 extolli.
856 2010 995 2111 Quibus
1014 2008 1114 2083 facile

265 2128 404 2202 conicio
422 2132 487 2212 vel,
507 2145 542 2200 ut
559 2128 670 2201 verius
687 2128 812 2216 dicam,
835 2127 900 2200 iam
918 2126 1028 2199 oculis
1045 2123 1114 2199 dis-

264 2270 408 2318 cernere
422 2245 542 2318 videor
557 2247 624 2318 hoc
639 2243 779 2340 (sicutia
793 2243 961 2316 nonnullis
979 2241 1121 2338 accepil·

267 2360 403 2433 lamiliae
430 2377 497 2433 tuae
524 2360 765 2433 hereditarium
793 2359 920 2432 bonum
940 2358 972 2430 in
991 2375 1026 2431 te
1045 2382 1115 2431 ma·
1131 2385 1156 2431 ις

265 2476 371 2549 iorem
406 2500 507 2572 quam
535 2493 688 2572 putarem
709 2475 851 2573 gloriam
877 2474 1112 2548 excitaturum.

264 2594 375 2664 Antea
399 2591 525 2664 etenim
554 2606 643 2665 tuam
670 2589 809 2664 dicendi
837 2588 1024 2692 mirabilem
1042 2589 1114 2662 ele-

263 2707 411 2805 gantiam
438 2722 610 2803 tamquam
634 2731 754 2780 navem
781 2703 952 2802 quandam
972 2720 1113 2802 praeter-

265 2839 402 2896 euntem
425 2821 567 2895 strictim
589 2846 790 2919 aspexeram
813 2844 880 2894 nec
902 2819 1114 2916 temporibus

312 3069 346 3131 (1)
375 3069 450 3130 epist.
478 3081 548 3117 omm.
579 3067 642 3117 GM.
687 3067 722 3129 (2)
747 3068 814 3117 stillo
834 3068 861 3116 V.
906 3067 939 3129 (2.
963 3065 986 3127 ι)
1008 3065 1113 3114 maxime

263 3164 309 3198 om.
340 3149 377 3199 Μ.
427 3148 462 3209 (3)
492 3160 694 3197 commemorans
726 3147 781 3197 CV.
839 3147 874 3209 (4)
906 3146 946 3207 ιο]
978 3154 1057 3207 atque
1083 3146 1111 3193 V.

264 3230 391 3293 (alnum.
407 3230 438 3279 C.
472 3229 639 3291 (olorensem.
653 3226 683 3275 C.
718 3226 929 3288 porrectascodd.
964 3224 1112 3288 (7lsetGV.

264 3307 420 3372 (olpossem
437 3310 467 3359 C·
502 3307 551 3371 (ro)
564 3308 587 3356 in
605 3308 696 3357 mento
711 3308 748 3357 Μ.
783 3306 832 3369 (rr)
850 3306 896 3354 hiis
913 3306 969 3355 CG.
1004 3305 1113 3368 (13lco

265 3390 344 3452 gnltio
367 3390 397 3448 C,
426 3389 535 3438 coniicio
558 3388 621 3437 MV.
663 3385 713 3449 (14)
734 3386 800 3435 sicut
828 3387 855 3434 V.
897 3385 947 3448 (¹7)
964 3385 1030 3434 enlm
1048 3385 1111 3435 GM.

264 3475 309 3517 tun
327 3469 355 3516 V.
389 3468 557 3530 (renumque
574 3467 604 3517 C.
646 3465 781 3528 quamdam
797 3465 835 3515 M.
877 3464 927 3528 (19)
943 3464 1057 3514 strictum
1082 3465 1112 3515 C

267 3556 344 3598 nect.
376 3562 423 3598 om.
445 3549 472 3597 V.

319 3667 379 3709 laoroe
394 3666 503 3739 Νοςιῖοίε
516 3667 593 3724 Opera.
607 3666 623 3709 l.
980 3662 1005 3709 Η
