2850 4694
545 623 616 667 CXL!

155 777 280 826 existente
297 775 416 826 celebret
433 775 527 824 Diuina
543 774 629 824 otntta
645 774 726 824 iustas
737 775 847 832 solitum,
861 774 932 836 quod
943 788 1008 824 onus

153 858 270 907 volumus
286 868 404 917 comune,
424 863 452 905 ut
465 855 531 905 inira
547 862 614 905 esce.

207 941 231 980 1·
254 936 279 984 tn
303 935 369 985 tibro
391 948 485 985 census
508 935 607 985 vicinia
629 935 730 984 Sunctae
746 934 859 985 Caenina
876 935 932 984 huuc
948 942 1009 985 nota

153 1031 177 1066 a.
208 1019 268 1080 1⁴5⁶
295 1014 403 1081 tegitur:
432 1016 489 1079 asp.
516 1014 542 1065 d.
568 1015 715 1065 Ludovicus
737 1014 772 1064 de
797 1015 934 1078 Nogurotis
950 1028 1008 1065 curn

154 1105 234 1148 rnatre
251 1105 278 1148 et
294 1110 387 1148 sorore
403 1098 480 1148 tibras
496 1111 542 1148 sex
558 1096 655 1147 solidos
672 1111 741 1147 sexa

206 1183 232 1224 n
256 1179 375 1229 Btancanr
403 1179 558 1243 Nogarotam
574 1192 598 1227 a.
619 1179 677 1238 1461
695 1192 711 1227 e
732 1178 783 1226 uita
804 1177 950 1227 decessisse
976 1190 1009 1226 ex

155 1262 232 1311 tuoto
253 1259 370 1322 epistota,
396 1273 473 1322 quam
494 1258 527 1308 ad
551 1258 672 1310 iacobum
696 1258 831 1308 Antonium
858 1259 1008 1308 Marcellum

154 1340 263 1404 scripsit,
289 1347 316 1389 et
339 1354 371 1389 ex
396 1341 443 1391 hac
460 1340 515 1402 ipsa
533 1339 670 1389 Fuscareni
688 1339 797 1401 epistota
812 1345 928 1401 apparet,
947 1351 1008 1400 quas

129 1463 131 1467 ,
154 1421 178 1469 in
203 1421 281 1469 unico
303 1419 348 1482 qui
370 1427 438 1470 extat
462 1421 550 1469 haruin
574 1418 739 1482 epistolarum
756 1416 849 1469 codice
866 1419 932 1467 inter
947 1418 1009 1468 alias

156 1500 292 1550 Fuscareni
311 1499 409 1550 litteras
428 1500 496 1550 Utini
520 1499 629 1562 scriptas
645 1499 745 1563 tegitur,
764 1497 837 1560 quod
853 1511 1006 1561 quamquam

156 1582 239 1631 enutio
257 1588 359 1631 servato
376 1588 581 1644 temporum‘aut
598 1581 712 1630 locorum
729 1577 834 1629 ordine·
854 1587 880 1628 ut
897 1579 921 1627 in
937 1577 1008 1630 codi-

155 1661 192 1712 cis
215 1661 299 1712 fronte
324 1661 424 1726 tegitur,
444 1662 500 1711 hnc
524 1661 641 1724 epistota
658 1662 776 1710 collectae
793 1668 858 1719 sunt,
878 1660 929 1709 hoc
944 1672 1007 1710 sane

154 1743 215 1792 ioco
231 1754 282 1791 non
307 1755 368 1792 casu
390 1741 482 1792 fuctum
499 1750 547 1791 est.
567 1741 675 1791 Constat
690 1748 775 1791 autern
794 1741 965 1790 Fuscarenum
981 1753 1005 1790 a.

157 1823 213 1882 14⁶1
246 1822 317 1872 Utini
334 1822 542 1873 Locurntenentis
558 1821 693 1872 Generalis
709 1821 794 1871 oiflcio
811 1820 922 1871 iunctum
938 1832 1006 1870 esse.

207 1907 230 1947 74
247 1903 361 1953 Matina!
386 1903 459 1953 Bossi
475 1902 594 1966 epistole
610 1915 667 1952 curn
684 1910 829 1964 temporum
846 1898 938 1950 ordine
954 1913 1008 1950 ser·

153 1991 213 2034 vato
236 1982 313 2033 edttua
337 1983 395 2042 sint,
422 1983 477 2034 heae
501 1983 575 2033 Bossi
598 1984 707 2045 epistota
730 1989 803 2032 certe
819 1990 917 2032 antea.
939 1982 1006 2047 ¹⁴5⁶·

154 2072 180 2114 et
191 2066 270 2127 pauiu
284 2072 377 2128 posta.
396 2075 463 2127 1⁴51,
481 2078 536 2127 quo
553 2065 629 2114 isotoe
645 2063 680 2114 de
696 2061 761 2113 Ada
777 2071 804 2114 et
821 2063 881 2113 Eva
897 2071 1008 2127 peccato

153 2142 269 2208 dialogus
292 2157 309 2194 a
325 2145 409 2194 Boaso
425 2143 541 2194 laudatus
557 2142 643 2194 editus
659 2158 718 2194 esse
735 2142 836 2194 videtur
851 2144 947 2207 scripta
958 2151 1006 2194 est.

155 2224 287 2274 praterea
301 2237 318 2274 a
332 2223 504 2275 'iiraboschio
521 2222 670 2284 edocentur,
690 2225 797 2274 Bessum
814 2238 836 2273 a.
852 2225 1007 2285 trutinatum

152 2316 273 2365 annoque
291 2314 349 2369 ¹5⁰²
366 2303 514 2356 defunctum
530 2319 553 2356 a.
569 2316 626 2368 1⁴5¹
645 2304 790 2369 religiosum
808 2304 919 2354 habiturn
936 2301 1008 2353 indu-

154 2385 213 2434 isse.
225 2382 300 2434 nitud
311 2393 396 2435 autent
408 2385 481 2435 Bossi
493 2383 527 2435 de
540 2386 608 2435 isota
620 2384 791 2435 testimonium
808 2385 831 2432 in
844 2384 900 2433 eius
911 2383 1007 2434 Exhor-

153 2465 245 2515 tston'a
255 2463 289 2514 ad
306 2463 468 2515 Cardinaietn
486 2464 666 2515 Bessarionenr
683 2465 778 2527 scripta
795 2472 821 2513 et
838 2465 1007 2527 Recupersti·

153 2545 246 2596 onnus
263 2545 401 2595 Fassutnnts
417 2545 501 2610 (1⁴9³)
517 2546 613 2596 inserta
628 2545 737 2610 tegitur:
755 2545 884 2607 aNequeo
900 2545 1008 2596 omissas

154 2626 241 2678 iacere
252 2625 398 2677 Corneliani
409 2626 567 2677 Turrensem
584 2635 611 2676 et
628 2627 721 2677 isotsrn
733 2627 889 2691 Nogsrolant
906 2635 1007 2677 conter-

154 2720 246 2757 raneaa
256 2719 336 2768 meas,
352 2720 460 2769 quarunt
476 2720 534 2757 cunr
552 2707 702 2758 reminiscor
712 2707 845 2771 pturirnurn
863 2709 945 2756 taetor.
964 2706 1007 2757 S‘c

153 2794 180 2837 et
190 2785 376 2851 Apollodorum
389 2787 514 2837 Eritreunr
525 2786 560 2837 de
576 2787 671 2852 Sibytta
686 2787 794 2839 concive
809 2800 856 2837 sua
871 2787 1006 2851 plurimum

153 2867 286 2932 gtoeistum
313 2866 430 2918 iecerunt
448 2864 582 2931 [ieruntt].
607 2867 705 2917 Harum
732 2868 813 2931 prima
836 2881 894 2918 curn
918 2866 1007 2917 suisset

152 2945 247 2998 diutius
257 2954 427 2998 matronarum
439 2947 626 2997 veronensium
635 2960 733 2997 corona
742 2954 768 2996 et
776 2946 904 3010 singutare
914 2945 1004 3006 decus,

152 3025 185 3077 ad
217 3036 358 3078 extremuni
390 3027 487 3078 maiore
514 3029 597 3078 animo
622 3027 758 3091 impetrato
785 3026 895 3076 divortio
921 3025 1006 3077 adhuc

152 3107 254 3158 vivente
275 3108 332 3158 viro
355 3106 441 3158 divino
456 3121 486 3159 se
502 3110 580 3159 cuttui
597 3115 727 3172 perpetuo
743 3107 900 3170 mancipavit.
918 3109 1007 3156 Altera

152 3201 217 3238 vero
231 3187 378 3253 virginitatis
394 3188 469 3237 titium
487 3196 513 3237 et
529 3188 686 3251 etoquentia
703 3187 804 3246 numen,
823 3200 899 3249 quarn
912 3187 1005 3236 merito

153 3266 200 3330 ipat
232 3266 380 3318 Hortensiae
413 3267 507 3330 possim
540 3281 700 3331 comparare,
729 3267 823 3329 spretis
850 3265 1005 3327 calcatisque

153 3347 262 3398 terrenis
286 3345 415 3398 itteccbris
432 3347 568 3397 humillima
590 3356 664 3397 veste
681 3356 803 3397 contentu
818 3355 899 3396 totum
916 3346 1006 3396 titteris

152 3428 231 3478 sacris
246 3426 374 3478 dedicauit
390 3428 525 3499 ingenium,
538 3427 585 3477 iltis
596 3441 656 3477 sese
667 3435 779 3478 ostentat
790 3440 797 3488 ;
808 3427 873 3476 itlius
884 3427 1004 3477 continue

152 3520 225 3559 sacra
239 3507 367 3558 volumina
382 3516 469 3558 terunt
485 3521 576 3572 genua,
595 3521 722 3571 nunquam
739 3506 773 3557 de
785 3508 900 3558 manibus
911 3517 1005 3558 exeunt

152 3588 248 3638 Aurelii
263 3585 315 3638 divi
330 3596 374 3639 aut
390 3588 539 3654 Hieronymi
556 3589 637 3638 tibris
