2850 4694
524 601 572 646 lot

181 787 231 850 llle
246 807 326 850 meas
340 807 438 850 errare
453 789 543 860 boves
557 791 628 853 dum
642 792 738 853 cernis
752 804 783 853 et
796 793 890 873 ipsum

181 887 298 950 Ludere
312 907 389 968 quae
403 888 507 950 vellem
522 889 634 951 calarrm
649 890 779 972 permisit
791 893 907 971 agresti.

167 1104 261 1202 Quae
279 1124 358 1176 cum
385 1103 431 1176 ita
455 1103 532 1195 sint,
556 1103 633 1201 quis
660 1102 771 1201 dignis
788 1103 833 1178 ad
858 1104 972 1179 sidera

117 1242 179 1291 vos
192 1217 349 1292 laudibus
365 1219 527 1293 sublimes
548 1219 669 1294 efferat
685 1238 743 1294 aut
759 1219 865 1318 digno
879 1220 970 1316 quis-

117 1358 219 1430 quam
237 1354 420 1408 veneretur
437 1337 581 1426 honore,
595 1360 674 1410 cum
693 1336 781 1410 inter
798 1354 865 1409 tam
884 1336 971 1410 doc·
1003 1357 1012 1409 t

116 1465 172 1522 tos
190 1448 483 1547 peritissimosque
504 1451 595 1524 viros
613 1450 730 1524 doctae
749 1451 970 1526 numerandae

18 1653 22 1663 ⁸
116 1563 321 1638 videamini?
348 1567 462 1639 Tanta
487 1565 610 1662 quibus
635 1567 798 1663 equidem
833 1567 970 1642 castitas

116 1679 227 1770 floret,
247 1697 282 1752 ut
299 1680 451 1778 Sulpicia
477 1681 650 1754 Paterculi
677 1681 746 1755 lilia
767 1681 871 1780 digna
887 1706 971 1755 cen·
1081 1685 1089 1705 ⁸

116 1811 258 1885 seretur,
285 1820 365 1892 quae
391 1795 479 1868 inter
506 1795 677 1870 universas
704 1812 876 1870 matronas
895 1800 970 1870 Ro-

117 1935 227 1984 manae
254 1910 428 2008 pudicitiae
455 1911 617 2009 princeps
643 1911 795 1987 iudicata
820 1911 891 1985 suit.
921 1915 970 1986 lta
985 1939 1015 1975 10

116 2043 247 2100 etcum
264 2026 422 2124 singulari
449 2043 592 2124 propter
617 2027 756 2101 virtutes
778 2044 907 2102 vestras
926 2052 969 2101 ac

116 2139 300 2214 litterarum
334 2141 481 2214 studium
520 2143 634 2238 palma
674 2141 847 2240 sapientes
882 2141 969 2215 inter

115 2255 206 2329 viros
235 2254 338 2353 digne
364 2256 488 2330 versari
519 2256 649 2347 liceret,
676 2256 967 2354 quemadmodum

115 2371 300 2444 Veronicae
325 2373 373 2445 ob
400 2388 526 2445 tantam
555 2371 668 2469 gentis
692 2398 764 2445 suae
790 2372 967 2446 victoriam

118 2485 172 2558 uni
190 2485 223 2558 in
246 2486 425 2583 Olimpica
448 2489 650 2584 spectacula
674 2485 891 2560 descendere
918 2487 968 2560 las
984 2515 1010 2566 15

117 2601 219 2676 luisse
237 2602 397 2700 legimus;
416 2620 506 2676 eteo
524 2604 642 2701 magis,
661 2603 756 2701 quod
774 2605 822 2676 ob
839 2603 967 2677 alienas

116 2716 254 2791 virtutes
273 2743 392 2791 munus
402 2718 483 2791 illud
493 2742 569 2792 eam
580 2719 739 2794 habuisse
748 2736 895 2808 constat,
905 2744 967 2792 vos

116 2832 163 2906 ob
181 2832 353 2931 propriam
371 2850 408 2907 et
425 2834 635 2932 praecipuam
653 2834 809 2908 virtutem
827 2850 863 2908 et
880 2833 966 2906 doc-

117 2948 235 3023 trinam
274 2949 499 3046 principatum
538 2949 696 3023 obtinere
734 2965 866 3022 certum
901 2965 963 3022 est.

163 3230 196 3295 (1)
214 3243 285 3280 meos
302 3229 332 3279 C.
374 3228 445 3289 dum]
468 3236 495 3277 ut
516 3230 543 3276 V.
584 3228 619 3293 (a)
636 3229 729 3277 vollem
750 3229 777 3276 V.
811 3227 915 3291 (alayd.
934 3229 964 3278 C.

116 3308 148 3371 (4
160 3311 184 3374 ς)
200 3311 311 3372 quisque
322 3310 350 3357 V.
384 3308 418 3372 (Β)
435 3308 541 3370 Sulpitia
556 3308 583 3355 V.
619 3309 749 3357 Peterculi
766 3308 796 3357 (λ
830 3307 864 3369 (9)
882 3317 967 3369 patro·

116 3390 204 3439 nuc
238 3388 288 3453 (ro)
304 3404 343 3451 pr.
356 3389 481 3437 nominata
498 3387 582 3438 iudica
598 3388 644 3437 luit
656 3388 683 3436 V.
717 3386 967 3450 (11.12)etsingula·

117 3483 170 3518 rem
188 3506 193 3517 .
211 3504 217 3517 .
237 3504 243 3516 .
267 3471 374 3532 palmam
397 3469 427 3528 C,
454 3476 480 3517 et
503 3469 527 3517 in
550 3469 777 3531 singularem...
803 3470 909 3529 palm
937 3469 963 3514 V.

117 3548 306 3613 (rslspetacula
326 3550 353 3597 V.
387 3549 436 3614 (πό)
453 3549 486 3598 ab
502 3549 576 3598 allen.
598 3550 624 3596 V.
658 3547 709 3611 (ιγ)
726 3548 793 3609 eam]
809 3560 887 3598 eausa
904 3549 932 3596 V.
