2850 4694
645 593 752 637 ῑΧΧΧΙΙ

276 746 347 808 dopo
373 744 483 809 uppicod
504 747 605 794 novelle
622 745 738 809 pretiche
765 757 814 793 con
842 744 966 794 Giovsnni
996 745 1127 807 Noguroie

271 825 399 875 carattere
423 826 567 884 veronese,
590 825 606 873 ii
629 826 707 886 quale
723 824 757 887 gii
774 823 887 886 promise
903 822 929 872 di
947 823 1083 886 ridonerin
1101 823 1125 871 in

272 906 353 954 breve
368 905 402 968 gii
418 904 476 954 tviti
489 904 609 954 dominii.
621 941 628 952 .
639 939 665 953 ..
685 906 703 954 ΙΙ
721 905 853 967 Nogtrolt
868 911 966 952 venuto
982 917 998 952 e
1013 903 1126 952 Venetis

272 998 321 1048 per
330 985 424 1048 meglio
434 985 522 1035 ordire
532 985 548 1033 ii
557 984 719 1043 trtdimento‚
731 983 810 1034 itscib
819 983 951 1046 scsppursi
961 983 1027 1031 dsiie
1038 982 1127 1031 lubbro

271 1067 363 1115 sicune
385 1067 476 1128 poroie
499 1063 626 1113 seditiose
643 1071 735 1113 contro
760 1065 786 1112 io
810 1071 885 1122 sttto,
904 1062 938 1112 ed
955 1061 1126 1124 ultorqusndo

271 1158 320 1208 per
336 1146 360 1194 ie
377 1143 538 1207 depositioni
556 1143 617 1192 istte
635 1152 727 1193 contro
743 1141 769 1192 di
784 1144 818 1193 iui
830 1142 872 1192 dei
883 1143 1019 1193 vicentino
1032 1141 1126 1193 Nicoib

271 1225 313 1274 dul
340 1225 434 1284 Nievo‚
459 1225 492 1287 gii
515 1224 614 1288 egberri
639 1233 744 1274 steveno
768 1238 817 1286 per
832 1225 912 1273 trunio
933 1225 999 1272 neiie
1017 1224 1124 1281 carceri,

273 1302 307 1365 gii
332 1303 352 1351 si
370 1310 446 1352 trovo
462 1316 478 1352 u
495 1301 576 1352 dosso
601 1316 650 1352 unu
674 1305 765 1351 letters
781 1301 876 1351 diretta
891 1316 907 1351 e
924 1303 1043 1352 Brunoro
1059 1301 1127 1351 deiit

271 1383 352 1442 Setis,
371 1396 421 1432 ove
437 1395 453 1430 e
467 1390 541 1445 perte
557 1395 573 1432 ι
589 1391 662 1444 pnite
678 1382 795 1431 evvistvt
810 1383 987 1444 quest'uitimo
1004 1383 1046 1431 dci
1058 1383 1126 1444 pessi

271 1463 324 1512 ittti
349 1476 365 1511 e
390 1463 423 1512 du
449 1463 506 1513 iersi
531 1463 555 1513 in
581 1463 606 1512 di
632 1464 665 1512 iui
690 1463 786 1512 ievore.
826 1464 980 1525 Sottoposto
1001 1462 1089 1525 quindi
1111 1476 1127 1511 e

271 1556 367 1592 severo
391 1555 487 1602 estote,
515 1542 555 1591 fini
573 1556 621 1605 per
637 1543 729 1591 timore
746 1542 789 1592 dei
806 1543 925 1592 tormenti
942 1542 1011 1593 delio
1027 1550 1126 1591 tortura

271 1623 313 1672 coi
330 1621 485 1672 consesstmi
502 1635 558 1682 reo,
576 1636 592 1671 e
609 1622 737 1672 rneditnte
751 1630 873 1671 sentenia
882 1621 926 1671 dei
939 1621 1071 1685 Consigiio
1082 1621 1124 1670 dei

271 1702 305 1761 Χ,
322 1714 352 1760 2⁹
368 1703 512 1752 decembre
524 1715 583 1762 ¹⁴¹²
595 1715 678 1751 venne
690 1701 852 1752 condtnntto
867 1704 891 1752 si
906 1702 984 1765 tsgiio
998 1702 1041 1751 dei
1058 1714 1125 1764 copo

271 1782 309 1832 ire
325 1785 349 1831 ie
365 1782 419 1833 due
436 1784 546 1832 coionne
563 1773 632 1832 detio
649 1782 776 1832 Pisuettt
791 1781 817 1831 di
837 1783 862 1832 S.
883 1783 982 1841 Marco,
1001 1781 1125 1831 dovendo

272 1876 305 1911 un
322 1862 457 1912 benditore
473 1862 541 1913 dtiit
557 1871 633 1926 ports
649 1863 718 1911 deiie
736 1862 843 1912 Cerceri
859 1862 910 1911 dno
925 1863 949 1911 si
966 1863 1062 1924 iuogbo
1079 1862 1124 1911 de-

271 1942 364 1992 stintto
384 1944 408 1992 si
431 1943 562 2007 Suppiizio
586 1942 689 2007 gridtre
714 1942 747 1992 td
769 1944 820 1992 situ
843 1953 909 1991 voce
930 1942 946 1990 ii
963 1954 1038 1990 nome
1056 1940 1091 1990 ed
1108 1937 1127 1989 ii

271 2020 363 2071 deiitto
378 2021 570 2072 deii'inieiicei.
600 2024 701 2072 Horum
718 2021 868 2072 relationem
884 2020 1031 2070 confirment
1048 2021 1122 2069 etiarn

272 2114 304 2150 ee
319 2115 379 2164 que
396 2102 534 2153 Ceietsnus
551 2105 592 2153 Du
608 2106 650 2154 Re
667 2117 751 2167 nuper
766 2103 824 2152 mibi
840 2101 960 2165 scripsit:
976 2102 1042 2150 «Nei
1055 2103 1120 2163 Reg.

272 2183 340 2231 Viii.
363 2181 433 2232 delle
453 2184 605 2233 investiture
621 2184 689 2234 detio
707 2186 798 2234 Mense
819 2182 955 2233 vescovile
973 2181 1000 2231 di
1020 2183 1124 2230 Verona

271 2260 287 2309 i.
307 2274 350 2321 ²²3
376 2263 470 2312 trovssi
495 2263 665 2313 i'istrontento
687 2276 696 2323 ς
716 2264 783 2312 Νον.
801 2274 869 2324 1413,
888 2264 930 2311 coi
946 2263 1023 2324 quate
1041 2261 1056 2310 ii
1073 2262 1122 2310 ve

193 2340 197 2346 '
271 2355 352 2391 scovo
368 2342 394 2391 di
411 2343 514 2393 Verona
531 2344 652 2392 investivu
670 2341 808 2392 Leonsrdo
824 2354 849 2404 q.
863 2341 975 2392 Antonio
992 2341 1124 2405 Nogtrolu

271 2420 298 2470 di
322 2431 396 2485 perte
420 2423 489 2473 detio
511 2422 612 2473 decimo
630 2423 656 2473 di
684 2423 836 2487 Coiognoio
862 2423 940 2472 Neiie
956 2436 1090 2486 premesse
1108 2422 1123 2470 ii

271 2500 346 2551 detto
364 2503 501 2553 Lconsrdo
518 2517 618 2567 espone
630 2505 680 2552 che
696 2505 718 2553 it
730 2503 838 2568 iumigiic
849 2504 981 2567 Nogtrolt
992 2499 1026 2552 de
1035 2511 1124 2565 tempo

272 2581 364 2641 antico,
390 2583 444 2632 tnzi
470 2584 650 2642 antichissimo,
673 2585 841 2634 riconoscevn
863 2586 950 2646 quelle
965 2583 1066 2633 decinit
1082 2583 1123 2632 dut

272 2663 393 2712 vescovo
408 2662 435 2712 di
452 2665 572 2725 Veronu3
588 2666 638 2714 che
654 2665 703 2729 egii
720 2672 806 2714 stesso
822 2679 855 2714 ne
871 2678 917 2714 ers
927 2671 994 2714 sicto
1005 2664 1124 2714 investito

272 2740 377 2791 insieme
399 2745 441 2792 coi
464 2743 565 2795 truteno
582 2744 706 2796 Giovsnni
721 2745 736 2794 ii
753 2757 776 2803 9.
807 2745 865 2795 Dic
885 2757 954 2805 tuto
973 2746 1049 2794 Deilt
1064 2747 1124 2806 quei

271 2819 379 2882 decime,
397 2837 455 2874 curn
479 2824 528 2873 sibi
551 2839 583 2874 ex
600 2833 682 2875 morte
699 2825 815 2888 premissi
839 2839 865 2887 q.
884 2825 1001 2875 iobtnnis
1017 2823 1052 2874 de
1069 2825 1124 2874 No-

271 2903 364 2965 gtroiis
381 2902 464 2954 fratris
480 2905 536 2954 eius
553 2905 665 2954 nondum
681 2913 721 2954 est
732 2919 813 2955 onnus
827 2907 914 2968 lapsus
923 2904 1037 2955 defuncti
1050 2904 1124 2955 nuliis

270 2983 452 3045 superstitibus
476 2984 617 3035 heredibus
639 2985 734 3034 relictis
750 2984 875 3034 medietts
889 2986 945 3036 iure
959 2985 1124 3035 successorio

271 3070 382 3124 spectet,
408 3064 502 3113 chiede
525 3066 548 3113 oi
570 3078 684 3115 vescovo
709 3066 733 3113 ie
755 3065 859 3115 relativo
881 3065 1052 3115 inventura.-
1071 3065 1123 3115 Sed

271 3143 344 3206 quod
367 3145 474 3193 ioannes
497 3145 570 3194 nuliis
593 3145 774 3208 superstitibus
798 3145 937 3195 heredibus
962 3146 1057 3197 relictis
1078 3146 1124 3196 de·

271 3224 372 3272 iunctus
388 3236 448 3272 esse
460 3223 560 3283 dicitur,
579 3232 674 3275 tontum
690 3225 832 3290 signitictre
848 3225 951 3274 videtur
966 3225 1022 3275 sine
1048 3228 1123 3290 proie

272 3305 383 3353 muscula
406 3318 465 3353 eunt
490 3304 597 3366 obiisse;
622 3319 677 3354 num
703 3307 771 3355 nulio
794 3314 835 3354 est
861 3318 947 3364 coust,
971 3318 1019 3354 cur
1035 3313 1124 3355 contre

272 3382 394 3432 disertum
409 3384 550 3434 Turressni
566 3386 737 3435 testimonium
755 3386 875 3434 Nostrum
891 3386 1047 3449 Nogeroitm
1060 3383 1123 3434 doc-

272 3463 338 3511 trine
360 3464 481 3528 insignem
506 3465 580 3515 buius
605 3465 705 3515 ioannis
727 3464 800 3514 fiiitm
817 3464 896 3515 fuisse
913 3478 1044 3529 negemus,
1063 3463 1123 3512 iicet

273 3544 369 3593 Nostro
394 3557 410 3592 e
435 3545 555 3596 Ptlermo
571 3554 598 3595 et
614 3545 755 3596 Sonsovino
772 3545 838 3594 inter
853 3545 987 3595 Antoniam
1004 3545 1123 3609 Nostro-
