2850 4694
707 591 765 650 206

360 757 428 832 Ubi
463 759 602 837 duobus
631 760 754 835 diebus
789 779 1057 852 commorantes,
1089 788 1163 860 quo

311 895 428 969 agrurn
446 872 536 947 illum
555 876 754 949 lutulentum
769 878 996 966 lustraremus,
1015 877 1162 951 totidem

312 987 357 1061 ibi
375 988 536 1064 noctibus
553 991 664 1064 stratis
674 992 833 1066 mollibus
841 992 1030 1067 cubuimus.
1042 993 1164 1067 Tertia

312 1129 395 1178 vero
412 1104 470 1179 die
487 1129 566 1179 curn
584 1130 628 1180 ex
645 1107 859 1204 amplexibus
877 1107 1054 1206 insignium
1074 1109 1163 1182 viro

285 1251 296 1304 t
311 1245 384 1294 rum
412 1220 555 1294 Marsilii
574 1239 610 1295 et
628 1221 785 1295 Brunorii
803 1223 985 1314 abiremus,
1002 1225 1162 1298 Zenebra

310 1353 348 1411 et
356 1335 558 1410 venerabilis
567 1338 842 1413 socrussevobis
851 1339 1008 1413 omnibus
1018 1364 1161 1414 comen·

311 1450 434 1526 dantes
460 1450 715 1541 mandaverunt,
735 1469 770 1526 ut
786 1455 832 1527 ab
849 1453 900 1528 eis
917 1479 1054 1551 semper
1078 1453 1160 1528 salvi

313 1567 442 1658 soretis,
468 1567 513 1641 ad
542 1592 631 1664 quos
660 1568 821 1643 visendos
851 1569 945 1643 brevi
967 1571 1071 1643 ambo
1102 1570 1160 1642 viri

313 1683 401 1757 istuc
425 1702 504 1757 sunt
529 1683 727 1781 profecturi.
756 1686 817 1759 De
838 1685 961 1782 quibus
982 1685 1026 1759 sit
1042 1687 1161 1759 nacte

270 1829 300 1866 ιο
312 1824 375 1873 nus
392 1823 470 1873 mea
486 1799 598 1873 oratio
615 1799 759 1897 precisa
780 1802 855 1898 Ego
872 1825 955 1874 vero
971 1799 1111 1898 gaudeo
1128 1800 1162 1873 in

313 1915 455 2012 patriam
469 1940 548 1989 esse
562 1940 746 2006 reversum,
761 1917 817 1990 ubi
836 1916 937 1990 vitam
956 1917 1162 2014 reciperavi-

312 2055 396 2104 mus.
421 2032 512 2104 Nam
539 2055 607 2104 non
634 2049 688 2106 est
713 2049 841 2106 tantum
863 2033 1023 2130 expilata,
1043 2050 1078 2105 ut
1095 2032 1163 2106 suis

314 2146 399 2220 natis
425 2171 493 2219 non
514 2147 558 2220 sit
573 2146 654 2221 satis
673 2149 828 2222 ubertate
846 2148 1006 2239 secunda,
1026 2172 1092 2222 nec
1110 2166 1163 2222 est

312 2279 406 2336 tanta
431 2280 559 2359 quanta
579 2265 733 2360 vulgatur
750 2264 902 2363 penuria,
920 2289 990 2361 que
1008 2263 1161 2363 quidem,

271 2405 297 2458 ¹5
311 2378 340 2452 si
359 2379 449 2453 bene
460 2378 648 2470 metiamur,
664 2379 771 2453 maior
787 2396 840 2453 est
853 2379 1015 2453 Venetiis.
1033 2381 1163 2477 Neque

313 2519 429 2568 verum
443 2511 508 2585 est,
523 2493 619 2592 quod
632 2494 754 2593 aliquis
764 2495 860 2570 miles
877 2495 939 2569 nisi
957 2519 1062 2570 causa
1078 2514 1163 2569 stra·

313 2609 411 2685 minis
423 2610 530 2685 abditi
545 2635 720 2708 quemque
734 2614 894 2685 molestet
906 2611 1027 2685 civem.
1038 2612 1164 2685 Valete

312 2752 446 2817 omnes,
464 2725 626 2824 quoniam
653 2743 689 2801 et
714 2751 777 2800 nos
798 2726 897 2801 vobis
913 2726 1164 2800 comendentes

314 2844 474 2917 valemus.
493 2841 564 2916 Sed
582 2841 732 2916 nundum
750 2844 901 2916 Iohanne
918 2866 995 2916 mea
1012 2842 1164 2915 coniunx

271 2976 446 3057 zopartum
473 2956 591 3048 edidit,
617 2983 688 3057 que
713 2957 874 3055 quoniam
900 2956 944 3031 ad
970 2982 1051 3032 suos
1072 2957 1165 3032 venit

313 3073 484 3150 colendos
525 3089 680 3173 penates,
715 3072 890 3148 revirescit
922 3073 955 3146 in
990 3073 1162 3171 pinguem.

314 3189 513 3265 Clarissima
547 3191 793 3264 Bartholomea
826 3214 925 3263 soror
959 3191 1050 3263 bene
1083 3213 1164 3263 cum

315 3307 465 3405 coniuge
489 3323 525 3380 et
550 3305 665 3405 primis
690 3305 804 3380 liberis
829 3307 930 3396 valet,
947 3305 1011 3380 sed
1029 3330 1165 3379 merore

315 3422 442 3497 funeris
467 3439 642 3521 postreme
671 3421 745 3496 eius
774 3420 909 3496 infantis
939 3446 1007 3495 non
1038 3422 1167 3519 poterit

271 3567 299 3620 ις
315 3539 413 3612 aliter
437 3537 471 3610 in
488 3537 761 3612 consolationem
778 3536 919 3612 excitari
938 3561 1041 3634 quam
1059 3537 1165 3612 caris·
