2850 4694
557 605 632 651 xum

164 783 240 833 eam
263 775 392 834 tantum
425 759 598 833 Damiano
630 763 745 857 Burgo
771 761 916 860 eiusque
946 761 1016 837 lilio

166 875 318 949 Eusebio
352 899 429 948 raro
462 899 546 948 sane
581 874 710 949 litteras
745 875 828 950 dare
854 875 1018 952 videmus.

166 992 304 1064 Etcum
322 1008 403 1089 post
420 988 566 1064 reditum
586 991 617 1063 in
636 993 779 1090 patriam
801 1019 845 1067 ne
872 995 923 1069 bis
945 995 1021 1094 qui-

166 1103 246 1180 dem
258 1105 471 1179 utscriberet
489 1108 556 1179 ulla
572 1105 636 1179 sibi
654 1108 853 1182 obvenisset
870 1110 1021 1183 necessi-

165 1236 218 1294 tas
242 1238 278 1294 et
303 1244 382 1294 cum
410 1220 482 1295 aliis
500 1246 642 1320 quoque
660 1222 738 1297 viris
755 1223 880 1314 doctis,
906 1225 1021 1298 Ludo·

166 1335 245 1410 vico
271 1334 461 1426 Cendrata,
485 1340 614 1411 lacobo
642 1340 847 1437 lavagnola,
861 1339 1022 1439 Georgio

167 1451 379 1550 Revilacqua
396 1468 433 1526 et
449 1452 595 1527 sortasse
613 1454 716 1528 etiam
735 1479 814 1528 cum
834 1456 1021 1530 Francisco

168 1568 332 1657 Barbam,
367 1568 425 1667 qui
459 1593 489 1642 a.
525 1594 607 1664 ¹44¹
642 1595 704 1668 per
729 1570 860 1669 aliquot
887 1596 1022 1646 menses

169 1684 443 1758 urbemVeronae
452 1685 550 1775 rexit,
561 1709 678 1759 coram
688 1711 883 1760 sermonem
893 1689 1022 1763 habere

168 1817 298 1899 posset,
315 1798 504 1873 studiorum
522 1800 654 1874 ratione
669 1817 795 1875 mutata
809 1801 917 1876 fratris
933 1804 1023 1877 Leo·

169 1914 263 1989 nardi
289 1915 440 2014 vestigiis
465 1915 632 1990 incedens
657 1916 762 1990 sacris
781 1917 894 2014 potius
920 1943 1022 2016 quam

169 2031 320 2130 profanis
361 2031 585 2130 scriptoribus
627 2055 665 2105 se
712 2030 817 2105 dedit.
863 2036 1023 2134 Quorum

170 2146 322 2220 lectione
345 2171 417 2245 quo
444 2147 548 2244 magis
575 2147 799 2236 imbuebatur,
826 2172 872 2221 eo
898 2148 1024 2221 firmius

171 2260 263 2360 apud
280 2262 428 2336 animum
447 2262 563 2338 statuit
580 2263 715 2337 deliciis
731 2263 811 2337 vitre
829 2263 952 2360 spretis
965 2262 1022 2337 dei

170 2377 276 2451 cultui
310 2377 480 2475 bonisque
515 2378 759 2452 misericordiae
789 2379 952 2476 operibus
985 2403 1023 2452 se

171 2509 278 2567 totam
313 2491 405 2567 dare.
443 2495 665 2593 Quamquam
701 2493 821 2567 lratres
855 2509 891 2566 et
916 2509 1024 2567 mater

173 2608 294 2683 frustra
326 2609 358 2682 ei
394 2605 658 2706 persuadebant,
696 2625 730 2681 ut
756 2608 857 2682 alicui
883 2633 904 2681 e
934 2609 1024 2682 viro-

173 2750 245 2799 rum
288 2724 453 2798 nobilium
500 2726 613 2813 turba,
656 2723 714 2821 qui
756 2748 832 2797 eam
881 2748 1023 2797 uxorem

173 2838 303 2914 ducere
337 2840 509 2927 volebant,
545 2840 701 2928 nuberet,
736 2842 826 2913 lsota
855 2839 1024 2936 virginita-

173 2972 243 3029 tem
278 2955 493 3053 praeoptavit,
527 2979 598 3051 quo
632 2953 778 3028 consilio
812 2956 887 3052 plus
920 2954 1023 3028 etiam

174 3070 265 3169 apud
299 3072 453 3168 aequales
486 3068 594 3144 laudis
625 3095 727 3166 quam
754 3070 834 3143 olim
869 3069 1025 3168 epistolis

174 3186 477 3286 elegantissimiset
487 3186 692 3260 carminibus
702 3183 1025 3283 tersissimisadepta

173 3320 235 3378 est.
256 3303 365 3377 Etiam
384 3301 516 3376 Marius
535 3302 734 3400 Philelphus
748 3302 780 3374 in
794 3302 944 3376 carmine
953 3327 1025 3400 quo

175 3422 276 3493 lsotae
301 3415 421 3492 laudes
455 3415 679 3491 celebrandas
714 3417 777 3490 sibi
808 3417 988 3514 proposuit
998 3424 1025 3476 ⁵⁷

176 3534 388 3631 longissimus
405 3552 457 3606 est
476 3534 508 3605 in
526 3535 595 3606 hoc
613 3533 758 3606 consilio
776 3531 957 3606 laudando
