2850 4694
656 576 751 623 txvul

277 737 346 808 hoc
362 735 527 808 saeculum
544 758 633 832 opus
651 733 885 831 nescioquod
903 735 1006 807 lsotae
1031 731 1131 807 dedi·

280 850 423 924 cavit⁷⁸

324 968 440 1040 Altera
461 968 564 1040 lsotae
581 965 693 1039 oratio
710 966 755 1038 ab
772 988 825 1055 ea,
848 989 951 1063 quarn
972 964 1017 1038 ad
1039 966 1130 1037 Her-

276 1083 428 1155 molaum
472 1081 620 1179 scripsit,
659 1080 846 1155 admodum
889 1079 1024 1154 diversa
1065 1097 1129 1170 est,

276 1223 353 1272 nam
384 1222 454 1271 non
490 1197 671 1271 involucro
703 1197 834 1271 inclusa
867 1196 911 1269 illi
946 1195 990 1270 ad
1025 1220 1129 1292 quem

276 1312 472 1410 pertinebat
498 1313 600 1386 missa
625 1330 689 1401 est,
712 1312 776 1386 sed
798 1337 835 1386 re
857 1336 938 1385 vera
956 1311 988 1383 in
1007 1335 1130 1408 magna

275 1428 469 1502 auditorum
504 1428 697 1524 frequentia
731 1427 848 1502 habita
880 1451 958 1500 esse
984 1426 1127 1500 videtur.

276 1543 415 1644 Quibus
432 1543 535 1617 etiam
555 1561 653 1641 pater
669 1543 792 1616 Victor
807 1542 853 1616 de
872 1542 1013 1617 Rosatis
1026 1542 1130 1616 inter-

277 1658 350 1749 fuit,
374 1684 446 1757 quo
468 1658 637 1732 suadente
664 1662 755 1732 lsota
772 1657 817 1732 de
835 1657 902 1731 divi
926 1657 1128 1757 Hieronymi

275 1774 433 1849 laudibus
450 1773 609 1848 disseruit
627 1774 733 1872 magis
751 1799 853 1873 quam
867 1774 976 1847 oravit
988 1773 1128 1847 dicendi

273 1914 405 1988 genere
439 1913 523 1964 sane
558 1889 695 1962 minime
729 1890 920 1963 elaborato.
930 1899 960 1946 ⁷⁹
993 1891 1029 1961 ln
1060 1913 1130 1987 qua

275 2003 357 2077 nihil
375 2005 471 2104 quod
490 2005 629 2079 laudare
650 2004 780 2103 possim
794 2004 907 2078 video.
928 2006 1128 2079 Fuscareno

275 2137 389 2193 tamen
407 2123 499 2194 lsota
515 2120 586 2195 visa
602 2136 656 2194 est
678 2146 746 2194 non
772 2122 883 2194 solum
905 2119 991 2193 alios
1008 2119 1072 2194 sed
1088 2144 1128 2194 se

275 2235 384 2333 ipsam
405 2235 529 2309 vicisse
548 2235 705 2309 oratione
724 2235 790 2323 illa,
809 2235 865 2308 cui
885 2234 966 2307 nihil
984 2260 1046 2333 par
1070 2254 1128 2310 aut

274 2350 383 2424 simile
408 2350 549 2425 inveniri
568 2375 672 2449 posse
691 2375 888 2448 persuasum
908 2351 1067 2425 habebat.

322 2465 437 2564 Magis
467 2465 570 2540 etiam
605 2465 764 2540 omnibus
790 2465 887 2540 huius
912 2465 1024 2539 aetatis
1049 2466 1127 2540 viris

272 2580 387 2656 doctis
412 2580 583 2678 placuisse
613 2580 747 2656 videtur
776 2581 842 2655 alia
867 2583 969 2656 lsotae
1002 2579 1125 2670 oratio,

272 2695 376 2770 immo
385 2696 542 2794 epistola,
550 2719 652 2795 quam
662 2720 707 2769 ex
717 2696 800 2768 urbe
811 2698 948 2769 Verona
959 2694 1128 2769 Kalendis

271 2812 431 2910 Augustis
448 2837 479 2886 a.
506 2832 595 2912 1459
612 2811 656 2886 ad
677 2811 775 2884 Pium
794 2811 990 2886 Secundum
1007 2811 1128 2885 Ponti·

272 2927 373 3001 ficem
402 2927 592 3002 Maximum
624 2929 781 3002 Mantuae
812 2928 844 3000 in
875 2927 1027 3002 concilio
1052 2952 1129 3001 ver-

271 3042 358 3116 santi
371 3042 560 3141 seripsit‚⁸⁰
578 3060 614 3118 ut
628 3045 715 3117 ultro
729 3043 795 3117 iam
810 3043 959 3117 currenti
973 3043 1129 3118 stimulos

271 3157 427 3248 adderet,
443 3177 479 3232 ut
490 3158 696 3232 Pontificem
711 3161 904 3232 Turcorum
919 3159 1065 3256 imperio
1079 3160 1128 3232 in·

272 3273 487 3348 festissimum
505 3273 549 3348 ad
569 3275 694 3349 bellum
708 3291 831 3349 contra
844 3274 1011 3372 perfidum
1026 3275 1129 3349 Chri·

271 3389 391 3464 stianae
403 3391 576 3488 religionis
586 3393 721 3465 hostem
731 3389 987 3489 suscipiendum
998 3391 1128 3466 inflam-

273 3520 390 3578 maret.
418 3508 512 3605 Quae
543 3505 683 3605 quidem
709 3505 821 3580 oratio
847 3546 893 3558 -
920 3506 1025 3580 verba
1050 3522 1128 3579 sunt
