2850 4694
724 616 780 693 238

323 802 435 857 tamen
455 785 592 858 liberius
615 785 717 860 incidi
737 786 854 874 iocos;
882 787 978 884 quod
996 812 1076 861 cum
1094 813 1178 885 spe·

321 899 450 973 ciosam
478 917 569 973 tuam
599 900 748 998 effigiem
776 919 891 975 mente
920 903 1176 1001 comprhendo‚

322 1041 390 1087 non
422 1031 506 1112 puto
533 1015 567 1088 id
589 1016 711 1090 ominis
730 1020 799 1090 ullo
816 1017 997 1092 vocamine
1015 1043 1123 1116 super
1141 1037 1176 1094 te

321 1128 449 1205 cadere
477 1156 589 1227 posse.
625 1133 713 1206 Nam
741 1133 817 1229 quis
842 1133 898 1207 ille
923 1132 1068 1207 deorum
1105 1151 1173 1208 tam

296 1276 305 1321 t
321 1244 464 1319 eximius
489 1245 610 1320 artifex
636 1247 689 1336 sit,
717 1248 773 1345 qui
793 1265 851 1321 tua
868 1247 980 1322 divina
995 1273 1059 1323 ora
1075 1274 1174 1323 com·

321 1361 540 1459 positamque
582 1379 741 1437 staturam
785 1362 915 1453 sedare,
959 1380 1091 1438 mutare
1138 1383 1175 1438 et

319 1495 459 1552 sanctos
476 1495 566 1551 artus
584 1478 752 1553 invertere
771 1480 894 1577 possit?

363 1609 434 1669 Non
447 1620 496 1670 tun
512 1610 638 1670 mortalis
653 1611 749 1682 facies,
770 1630 828 1671 non
844 1622 943 1672 cetera
957 1611 1096 1673 membra.

363 1706 441 1767 Nam
459 1708 533 1768 lovis
547 1708 575 1769 in
590 1706 655 1767 celo
670 1708 802 1769 manibus
816 1708 938 1769 formata
952 1710 1089 1790 potentis

279 1852 307 1888 ιο
371 1824 505 1898 Placuit
534 1823 585 1898 his
612 1824 729 1898 litteris
759 1842 873 1898 tecum
905 1825 992 1899 inter
1024 1850 1174 1924 angores

320 1964 417 2013 meos
443 1965 625 2037 parumper
644 1940 772 2029 ludere,
801 1942 908 2038 magis
926 1958 962 2014 ut
978 1941 1120 2016 dotores
1139 1961 1175 2017 et

318 2056 489 2152 angustias
515 2080 608 2129 meas
634 2057 740 2130 lenire
766 2074 906 2140 tentem,
926 2081 1026 2154 quam
1054 2057 1173 2154 aliquo

317 2170 441 2245 solatio
460 2171 569 2267 possit
584 2197 669 2270 eger
689 2173 820 2246 animus
837 2197 880 2245 ex
901 2173 1016 2246 innato
1034 2197 1172 2248 merore

208 2306 217 2319 ·
319 2286 468 2383 pestiset
479 2287 628 2385 urgentis
638 2287 716 2361 belli
728 2286 830 2360 sacile
841 2287 1172 2383 permulceri.Adde

276 2428 301 2478 15
318 2400 414 2498 quod
446 2403 610 2475 Furlanus
641 2403 696 2476 ille
727 2403 807 2474 mihi
833 2403 881 2475 ob
899 2401 1048 2475 libellum
1076 2420 1171 2477 tuum

318 2519 484 2590 hactenus
503 2542 570 2590 non
590 2516 759 2590 redditum
779 2516 1012 2591 infestissimus
1030 2535 1066 2590 et
1084 2543 1171 2592 exo·

316 2656 373 2704 sus
398 2633 618 2730 congeminat
644 2633 812 2706 dolorem.
841 2632 894 2705 nd
912 2657 1015 2729 quem
1035 2633 1172 2708 iracun-

316 2746 380 2821 dus
406 2763 523 2845 preter
548 2749 790 2822 humanitatem
809 2747 937 2837 scrib0‚
955 2765 991 2821 et
1008 2748 1106 2823 simul
1124 2750 1170 2825 ad

286 2902 290 2912 ·
316 2862 535 2937 clarissimum
559 2866 744 2938 {ohannem
768 2863 1014 2961 Superancium
1042 2890 1169 2955 meum,

273 2978 374 3075 nequi
402 2977 512 3052 multis
537 2979 833 3078 obiurgationibus
855 2978 993 3053 insuitet
1023 2980 1114 3053 illum
1133 2999 1171 3056 et

316 3091 454 3167 demum
484 3118 528 3167 ex
562 3094 635 3169 eius
662 3095 816 3168 manibus
842 3094 992 3167 libellum
1018 3095 1172 3194 extirpet

315 3225 352 3282 et
377 3233 448 3306 quo
474 3212 567 3283 cultu
593 3209 636 3284 sit
661 3208 792 3283 reddat.
822 3211 939 3310 Quem
959 3210 986 3284 si
1006 3236 1168 3309 umquam

315 3325 571 3415 conveniamus,
598 3326 631 3398 in
663 3351 764 3400 unum
800 3341 896 3399 ostro
931 3325 1096 3425 insignem
1131 3346 1171 3402 et

314 3463 399 3514 auro
425 3440 497 3528 tibi,
524 3457 560 3515 ut
586 3441 650 3515 iam
670 3442 829 3541 policitus
850 3466 923 3516 sum
941 3459 978 3516 et
995 3457 1084 3516 tuam
1104 3442 1169 3518 de·

272 3583 299 3638 ις
314 3571 373 3630 oet
389 3553 601 3653 dignitatem,
620 3581 687 3631 nec
705 3559 773 3631 ulla
789 3581 845 3630 me
862 3557 1033 3631 sententia
1053 3558 1168 3649 vertit,
