2850 4694
718 595 778 645 tvm

329 771 430 854 1455.
461 752 514 855 58.
541 769 579 829 et
608 753 657 828 60
695 755 857 846 Romam,
886 779 917 829 a
951 772 1041 856 r459
1072 753 1175 829 Man·

322 884 425 958 tuam,
455 892 486 941 a.
520 870 604 964 1461
640 869 793 960 Utinum‚
820 894 850 943 a.
885 871 975 965 1466
999 868 1175 943 Patavium

323 981 431 1058 modo
456 1000 573 1058 orator
598 984 706 1060 modo
732 1001 861 1082 praetor
877 984 998 1060 missus
1014 1000 1079 1075 est,
1097 1007 1176 1059 nus·

322 1122 425 1195 quam
451 1114 566 1172 tamen
591 1100 715 1173 amicoe
739 1098 951 1176 doctissimae
968 1100 1094 1174 oblitus
1111 1117 1175 1188 est,

322 1212 367 1287 ad
392 1237 496 1312 quam
519 1214 646 1290 Brixiae
671 1214 753 1289 dum
780 1215 937 1313 praetoris
962 1216 1083 1290 ollicio
1100 1215 1176 1290 lun-

321 1331 468 1427 gebatur
501 1333 624 1406 multas
656 1331 755 1406 dedit
788 1331 927 1406 litteras.
973 1330 1175 1406 Dolendum

321 1469 404 1520 sane
430 1461 495 1535 est,
513 1446 610 1542 quod
637 1449 739 1521 lsotoe
761 1446 884 1521 litterae
910 1445 1035 1544 quibus
1060 1446 1175 1520 amico

321 1559 550 1659 responderat
575 1587 697 1636 omnes
719 1561 894 1659 perierunt
923 1578 959 1635 et
984 1560 1081 1658 quod
1107 1562 1135 1635 F
1138 1585 1176 1635 u·

321 1676 454 1750 scareni
480 1676 585 1751 etiam
611 1676 734 1753 litterae
757 1678 878 1752 inuno
895 1693 1025 1752 tantum
1047 1676 1175 1751 codice

321 1792 402 1866 satis
428 1792 597 1868 mendose
622 1793 754 1891 scripto
769 1809 909 1868 aetatem
928 1795 1085 1868 tulerunt.
1104 1792 1175 1868 Sed

321 1933 528 2006 quamquam
559 1934 615 1983 res
641 1909 687 1984 ita
711 1934 750 1983 se
776 1911 892 2000 habet,
923 1926 1037 1983 tamen
1067 1909 1176 2006 qualis

322 2023 423 2098 luerit
466 2040 601 2099 mutuus
644 2026 831 2100 Fuscareni
865 2042 901 2100 et
933 2028 1036 2099 Isotoe
1068 2050 1176 2116 amor,

323 2139 438 2214 lucide
455 2158 610 2238 apparet.

371 2257 462 2330 lsota
495 2255 610 2332 amico
644 2254 869 2331 devotissimo
903 2255 977 2331 sine
1012 2257 1079 2330 ulla
1112 2254 1175 2330 du·

322 2369 488 2445 bitatione
507 2370 627 2445 mulier
644 2371 894 2469 perfectissima
910 2371 982 2445 visa
998 2388 1062 2460 est,
1077 2371 1175 2446 cuius

321 2485 461 2560 virtutes
486 2486 605 2585 quanti
630 2486 879 2576 aestimavisset,
905 2487 1098 2560 luculenter
1113 2509 1175 2559 ex·

321 2601 437 2697 posuit
479 2601 512 2674 in
553 2602 703 2699 epistola
744 2602 896 2676 lectione
930 2627 1013 2676 sane
1047 2600 1175 2700 dignis·

320 2715 405 2789 sima
430 2716 473 2790 ad
501 2720 626 2791 lsotam
653 2716 797 2792 deeius
823 2716 980 2791 laudibus
997 2717 1176 2814 scripta⁷⁰

321 2829 416 2904 ldem
442 2835 545 2906 lsotoe
566 2857 663 2906 amor
684 2832 717 2906 in
743 2831 817 2907 aliis
843 2831 1029 2907 Fuscareni
1055 2831 1175 2908 litteris

321 2946 482 3037 cernitur,
501 2947 534 3019 in
552 2947 676 3045 quibus
693 2972 732 3021 se
749 2965 873 3022 contra
890 2951 992 3023 lsotoe
1017 2947 1176 3022 crimina·

320 3060 462 3152 tionem,
477 3063 573 3161 quod
587 3087 665 3136 raro
683 3080 812 3137 tantum
830 3062 875 3137 ad
900 3088 977 3138 eam
995 3062 1174 3154 scriberet,

319 3176 476 3253 delendit
501 3181 555 3252 vel
581 3195 726 3252 mortem
753 3178 892 3253 Traiani
919 3178 1044 3253 medici
1066 3177 1174 3267 dolet,

320 3293 417 3368 cuius
435 3294 583 3369 consilio
605 3297 697 3369 lsota
717 3293 913 3368 valetudine
932 3310 1076 3392 propter
1092 3294 1175 3368 assi·

319 3408 388 3483 dua
412 3408 524 3484 studia
548 3409 734 3485 admodum
754 3410 885 3483 infirma
902 3435 962 3484 usa
981 3433 1103 3484 carere
1119 3408 1174 3481 vix

320 3523 440 3621 possit,
477 3526 533 3599 vel
566 3525 781 3600 saecularium
816 3525 1033 3623 negotiorum
1067 3523 1174 3598 taedio
