2850 4694
568 622 595 665 u

151 774 226 848 latis
250 777 279 847 F
282 798 466 848 uscarenus
488 777 651 847 nonnulla
675 801 720 848 ex
745 776 797 850 eis
824 803 905 872 quae
922 795 1010 852 attu-

151 891 237 963 lerat
265 891 311 963 ab
341 892 432 963 lsota
462 915 600 987 prorsus
629 891 775 965 relutata
808 917 888 967 esse
923 917 1009 967 con-

151 1005 267 1095 cessit,
301 1005 369 1079 alia
404 1008 541 1104 paulum
577 1006 727 1097 mutavit,
756 1007 788 1079 in
815 1008 1008 1082 universum

150 1138 265 1195 autem
295 1146 376 1218 quae
406 1122 498 1219 prius
527 1138 692 1196 statuerat
717 1147 760 1196 ea
785 1123 925 1198 firmiter
954 1151 1009 1200 as·

150 1238 341 1311 severabat.
376 1236 432 1310 Ad
465 1262 546 1334 quae
580 1240 672 1311 lsota
706 1238 787 1311 nihil
817 1239 1006 1337 respondit.

151 1351 222 1427 Sed
247 1376 326 1426 cum
360 1352 476 1426 omnia
509 1353 582 1427 lere
616 1370 816 1451 argumenta
850 1354 1008 1453 utrinque

152 1468 199 1543 ita
224 1469 356 1567 prolata
376 1485 494 1542 essent
512 1485 548 1542 ut
564 1494 634 1541 non
652 1469 726 1544 sine
745 1470 855 1543 fructu
875 1495 955 1567 quae
974 1471 1006 1543 in

151 1585 318 1660 diversam
353 1585 556 1660 sententiam
592 1585 765 1684 disputata
797 1604 913 1660 essent
938 1587 1007 1685 legi

151 1725 255 1799 posse
271 1701 336 1774 sibi
354 1701 613 1800 persuaderent,
627 1726 705 1776 cum
720 1701 880 1776 omnibus
892 1726 1007 1776 sacra-

151 1842 222 1891 rum
236 1817 421 1891 litterarum
435 1816 596 1892 studiosis
610 1842 669 1891 eas
683 1842 769 1916 quas
778 1817 824 1891 de
835 1820 900 1892 hac
910 1842 1007 1917 quae·

150 1931 263 2006 stione
282 1949 414 2006 mutuas
431 1932 494 2006 sibi
514 1931 683 2007 dederant
699 1933 829 2007 litteras
850 1958 1007 2007 commu-

150 2048 265 2122 nicare
274 2065 473 2122 statuerunt.
483 2048 616 2122 Edendi
625 2065 740 2123 autem
751 2050 905 2123 laborem
916 2052 1007 2124 lsota

149 2163 301 2261 suscepit
314 2164 458 2263 eiusque
472 2165 601 2239 fructus
614 2167 689 2238 sola
702 2165 774 2239 lere
788 2164 894 2262 cepit.
912 2167 1006 2239 Mat-

149 2279 259 2352 thaeus
278 2280 406 2353 Bossus
416 2279 518 2370 enim,
537 2304 581 2353 ex
599 2306 670 2379 quo
683 2279 862 2378 Philippus
873 2282 1006 2378 Bergo-

150 2395 274 2469 mensis
291 2419 353 2468 sua
369 2395 524 2496 sumpsit,
544 2395 576 2468 in
594 2395 742 2494 epistola
756 2422 824 2469 non
839 2395 885 2470 ita
898 2398 1006 2470 multo

149 2528 228 2609 post
254 2510 405 2584 habitum
440 2511 613 2611 dialogum
648 2511 692 2586 ad
727 2515 851 2586 lsotam
878 2512 1007 2611 scripta

148 2626 408 2701 contentionem
428 2627 518 2701 illam
536 2652 614 2701 cum
641 2630 817 2724 voluptate
843 2650 941 2700 sacra
966 2652 1005 2701 se

149 2742 335 2840 perlegisse
362 2760 504 2817 testatur
536 2743 671 2841 sibique
702 2742 783 2817 illud
816 2742 1005 2841 praesertim

149 2858 330 2954 placuisse,
349 2858 445 2956 quod
464 2861 554 2933 lsota
572 2859 703 2932 recenti
721 2883 801 2932 cum
816 2858 1003 2956 theologia,

148 2998 227 3071 quae
239 2990 444 3047 ornamento
454 2990 601 3063 careret,
612 2976 739 3047 cultum
753 2974 1006 3073 eloquentiam-

148 3112 215 3185 que
235 3088 406 3163 iunxisset.
433 3089 505 3190 Qui
532 3112 612 3187 quae
637 3088 820 3187 aequalium
839 3088 884 3162 de
903 3091 1005 3163 lsotae

149 3202 289 3302 dialogo
319 3205 438 3278 luisset
467 3204 637 3279 sententia
666 3204 794 3278 dixisse
819 3203 964 3277 videtur.
973 3205 1005 3263 ⁶⁴

148 3321 281 3394 Tamen
300 3321 356 3394 hic
375 3320 530 3418 dialogus
547 3320 698 3393 omnium
720 3319 822 3393 laude
848 3321 1005 3393 celebra-

148 3450 200 3509 tus
225 3436 370 3510 sortasse
399 3436 514 3510 adhuc
541 3434 688 3510 ineditus
718 3434 1004 3510 bibliothecarum

149 3552 297 3626 tenebris
323 3569 508 3644 teneretur,
543 3551 605 3625 nisi
641 3553 748 3625 altera
772 3551 890 3625 saeculi
917 3551 1004 3624 sexti

862 3691 894 3741 d.
