2850 4694
668 589 741 639 ΜΠ

275 766 397 846 captus
439 751 541 823 lsotae
584 749 800 846 tranquillum
847 748 981 821 vivendi
1025 748 1128 821 ratio-

275 889 354 940 nem
384 865 483 962 sequi
509 864 746 939 ardentissime
776 865 883 963 cupit.
903 866 995 938 Cum
1013 881 1127 938 autem

276 980 372 1055 initio
401 982 480 1055 anni
517 1002 601 1082 1453
638 981 799 1071 Brixiam,
826 981 883 1055 ubi
914 981 1127 1078 magistratus

273 1095 337 1170 sibi
364 1095 531 1170 ineundus
555 1113 639 1185 erat,
666 1096 883 1170 contendens
900 1098 1050 1170 Veronae
1067 1096 1128 1170 ali-

275 1210 437 1309 quamdiu
481 1229 754 1285 commoraretur
795 1228 831 1285 et
874 1214 1126 1309 Nogarolarum

274 1326 411 1400 fratrum
434 1327 586 1424 hospitio
604 1327 790 1401 lautissimo
817 1343 979 1415 uteretur,
1005 1351 1125 1400 eorum

274 1442 472 1516 memoriam
490 1468 570 1541 quae
588 1443 633 1516 ibi
652 1441 697 1517 de
720 1442 897 1541 religione,
925 1442 970 1517 de
996 1443 1127 1517 animo-

273 1583 346 1631 rum
373 1558 635 1647 immortalitate,
663 1559 708 1633 de
735 1563 836 1633 lsotae
861 1558 1065 1655 aegritudine
1090 1576 1126 1631 et

272 1674 351 1748 vitre
368 1691 570 1772 contemptu
595 1699 702 1772 usque
727 1673 772 1748 ad
797 1693 987 1748 extremum
1015 1674 1126 1747 noctis

273 1806 408 1889 tempus
434 1808 605 1887 praesente
626 1790 778 1864 Antonio
795 1793 897 1864 lsotae
924 1790 1026 1863 sratre
1051 1791 1127 1862 col·

272 1906 378 1980 locuti
415 1922 504 1994 sunt,
532 1931 575 1980 ne
605 1905 808 1981 festivissimi
834 1905 975 2004 quidem
1002 1905 1126 2003 quibus

274 2021 400 2095 Brixiae
416 2038 584 2117 acceptus
601 2039 655 2096 est
671 2021 741 2096 ludi
760 2041 795 2096 et
813 2021 970 2096 convivia
986 2046 1030 2095 ex
1051 2021 1124 2095 eius

271 2137 385 2210 animo
403 2138 552 2211 evellere
571 2153 766 2235 potuerunt.

323 2255 451 2349 Neque
485 2276 568 2326 vero
595 2252 727 2326 minore
753 2256 844 2326 lsota
877 2277 960 2350 erga
994 2254 1124 2326 Fusca-

272 2390 389 2440 renum
415 2392 534 2441 amore
568 2367 721 2442 ardebat.
758 2369 850 2443 Cum
887 2368 943 2442 hic
973 2367 1064 2442 enim
1091 2367 1122 2439 ei

270 2482 458 2557 obiecisset
492 2483 588 2581 quod
622 2509 660 2558 se
694 2484 783 2558 fictis
817 2484 1015 2558 criminibus
1045 2507 1123 2580 per-

271 2615 482 2695 sequeretur,
509 2599 658 2674 ·alflicta
675 2600 791 2674 iacens
809 2598 1016 2674 lamentabili
1033 2623 1122 2672 voce

272 2730 400 2788 tantam
445 2714 596 2789 iniuriam
631 2715 784 2790 deflebat
808 2716 934 2813 vixque
967 2714 1012 2789 ad
1046 2738 1122 2788 eam

272 2855 334 2927 per
358 2832 482 2905 multos
512 2830 587 2905 dies
612 2832 770 2906 conclavi
796 2835 947 2906 clausam
974 2831 1031 2929 pia
1052 2855 1123 2904 ma-

272 2961 324 3019 ter
356 2946 528 3021 accedere
568 2964 715 3045 poterat,
756 2966 791 3021 ut
832 2948 971 3022 tandem
1008 2945 1123 3045 gelida

271 3086 361 3158 aqua
377 3086 454 3137 eam
473 3063 665 3137 reliceret».
687 3066 819 3137 Etcum
834 3089 952 3138 mense
965 3066 1124 3160 Septem·

273 3177 323 3250 bri
340 3202 371 3251 a.
394 3201 477 3280 ¹453
496 3182 642 3254 lacobus
656 3181 853 3278 Lavagnola
868 3181 1123 3254 Bartholomeae

273 3295 375 3367 lsotae
383 3295 510 3368 sororis
528 3295 665 3369 maritus
677 3298 815 3381 Romae,
827 3295 882 3368 ubi
897 3297 1063 3392 praeclere
1077 3293 1123 3367 de

234 3403 237 3407 ’
273 3409 510 3483 coniuratione
536 3411 699 3508 Stephani
729 3412 871 3485 Porcari
893 3409 1123 3509 opprimenda

274 3524 412 3597 meritus
437 3542 500 3614 est,
527 3527 679 3617 obiisset,
703 3552 781 3601 eum
808 3528 927 3617 oravit,
948 3543 983 3601 ut
1002 3526 1121 3601 relicta
