2850 4694
718 567 756 631 86

308 768 351 816 ex
370 742 488 815 studiis
505 767 668 839 arrogans
698 766 775 816 esse
795 765 862 813 non
881 741 1002 831 debes
1021 742 1067 814 ita
1099 742 1163 814 bo-

310 884 429 931 norum
461 877 594 931 tuorum
620 857 818 931 aestimatrix
845 882 913 929 non
945 857 1075 954 ingrata
1102 857 1162 931 fias

309 973 462 1070 oportet)
492 971 575 1070 quid
611 973 670 1045 tibi
706 972 872 1045 obiectari
909 971 1031 1069 potuit,
1066 972 1163 1069 quod

311 1091 532 1161 matronalem
547 1086 773 1161 constantiam
789 1087 1033 1161 labefactaret?
1047 1087 1163 1160 irriso·

285 1203 402 1285 rribus
428 1202 508 1275 illud
538 1201 708 1299 Diogenis
734 1202 852 1275 dicere
879 1202 1068 1300 potuisses:
1089 1202 1164 1274 lrri-

311 1318 430 1391 detin?
467 1322 511 1389 At
545 1342 613 1413 ego
641 1341 708 1389 non
736 1316 888 1389 irrideor.
918 1317 1057 1416 Quodsi
1093 1316 1164 1389 irri-

311 1435 444 1507 soribus
463 1433 526 1506 tuis
544 1433 688 1522 omissis
712 1436 802 1506 lsota
827 1433 1011 1519 carissima,
1030 1433 1164 1507 iniuria-

312 1575 383 1622 rum
407 1574 461 1621 me
484 1550 637 1646 postulas
659 1565 695 1621 et
716 1547 758 1620 ad
774 1548 898 1621 amoris
913 1548 1058 1622 tribunal
1072 1548 1164 1623 diem

312 1662 444 1736 idcirco
468 1663 547 1735 mihi
576 1663 673 1751 dicis,
692 1662 788 1759 quod
807 1687 907 1760 pares
925 1688 994 1736 non
1020 1663 1164 1739 reddam

270 1803 301 1840 ιο
313 1779 345 1851 in
363 1803 482 1851 amore
500 1802 542 1851 ac
562 1779 794 1852 benivolentia
807 1778 1057 1868 vices‚salleris.
1078 1782 1164 1871 Cur,

312 1896 338 1970 si
366 1920 421 1969 me
450 1919 545 1969 amas
570 1912 606 1967 et
632 1894 814 1983 veneraris,
843 1911 878 1967 ut
905 1895 1026 1991 inquis,
1054 1922 1165 1971 meam

312 2010 404 2109 apud
435 2010 582 2082 animum
614 2027 706 2083 tuum
741 2034 879 2083 causam
915 2037 984 2084 non
1015 2013 1166 2109 recipis?

313 2129 388 2200 Cur
399 2151 582 2223 generosae
601 2125 839 2222 indignationis
858 2144 926 2200 tuae
944 2144 1088 2224 patrona
1103 2153 1167 2224 pro

314 2268 369 2315 me
404 2241 640 2314 defensionem
676 2265 745 2312 non
775 2240 943 2339 suscipis?
987 2243 1028 2312 Et
1062 2266 1167 2315 accu-

272 2374 410 2433 ¹tsante
441 2356 489 2429 ira
514 2380 576 2428 cur
602 2381 665 2453 pro
697 2355 853 2429 Guarino
883 2379 1033 2446 causam,
1064 2360 1166 2449 lsota‚

362 2582 396 2647 (1)
420 2598 436 2632 a
460 2591 490 2632 st.
517 2585 550 2633 R.
584 2583 660 2632 studii
684 2584 717 2632 G.
752 2582 786 2645 (a)
804 2582 942 2631 extimatrix
960 2582 1048 2641 CGM,
1076 2587 1167 2633 exami-

316 2664 395 2712 natrix
412 2664 443 2723 R,
463 2664 624 2713 existimatrix
642 2665 669 2711 V.
719 2663 766 2712 lies
780 2664 812 2711 R.
847 2661 881 2726 (ς)
899 2664 1015 2724 oportuit
1037 2663 1094 2723 CG,
1121 2679 1169 2726 op

316 2751 403 2805 portet
420 2744 451 2791 R.
486 2744 520 2806 (4)
536 2743 743 2791 matrimonialem
764 2738 796 2791 R.
847 2757 878 2789 m.
900 2742 1064 2791 substantiam
1084 2753 1166 2792 conat.

316 2822 383 2870 labii.
411 2823 440 2872 C.
475 2822 510 2887 (ς)
527 2822 552 2872 id
569 2822 693 2884 dyogenis
711 2823 743 2871 G.
778 2820 844 2885 (5.6)
863 2821 999 2870 inridemini
1012 2822 1042 2880 C,
1062 2823 1168 2872 irriden-

316 2910 368 2950 tem
387 2904 450 2962 GM,
470 2902 608 2951 irridentim
625 2903 657 2957 R.
682 2902 802 2951 tridentin
824 2904 850 2950 V.
886 2903 919 2965 (ό)
937 2902 968 2950 Et
986 2903 1015 2950 C.
1050 2917 1100 2952 non
1118 2918 1169 2968 ego

319 2982 383 3031 GM.
418 2982 524 3031 irridear
541 2985 578 3032 M.
613 2982 647 3044 (7)
665 2983 768 3031 obmiss.
788 2983 850 3030 MR.
886 2983 965 3031 Ysota
977 2983 1010 3037 G.
1046 2983 1124 3032 lsotta
1140 2986 1167 3033 V.

317 3062 413 3110 clariss.
428 3064 455 3110 V.
490 3062 572 3123 (Blme
583 3075 667 3110 rerum
680 3062 866 3123 [reumllpost.
877 3062 908 3109 R.
943 3062 1029 3110 adom.
1040 3063 1073 3111 G.
1099 3064 1170 3113 diem

318 3142 475 3206 suprascripto
489 3143 549 3191 dum
564 3143 592 3201 V,
622 3142 736 3191 dicerem
751 3143 783 3199 G.
803 3143 861 3191 dice
878 3144 916 3201 M,
934 3157 979 3191 om.
999 3143 1030 3191 R.
1060 3144 1094 3205 (9)
1111 3146 1170 3193 milti

319 3222 392 3283 dicIs]
405 3235 445 3270 me
462 3234 539 3270 vocas
554 3223 585 3270 R.
620 3223 692 3271 dices
707 3224 740 3271 G.
773 3222 874 3271 reddidi
892 3224 924 3271 G.
959 3223 1172 3286 (ro-ralcm-

321 3302 414 3363 recipis
431 3301 455 3348 in
472 3303 495 3350 R
509 3304 564 3364 posi
579 3301 643 3350 dicis
660 3302 695 3364 (p.
717 3314 768 3361 179,
790 3301 811 3362 ι)
828 3301 965 3350 collocutum
981 3305 1023 3351 est.
1058 3306 1108 3364 (ιι)
1128 3305 1171 3351 im-

320 3381 420 3442 quisC.
454 3394 538 3429 meum
555 3382 616 3431 CM.
651 3381 701 3446 (ιι)
712 3390 774 3443 aput
790 3382 852 3431 GM.
888 3381 937 3445 (14)
949 3381 1010 3430 deii.
1023 3384 1054 3431 R.
1089 3385 1173 3445 suspi-

320 3461 373 3509 cias
386 3461 449 3509 GM.
491 3459 541 3524 (ις)
557 3462 613 3522 ουτ)
630 3463 671 3510 cui
689 3464 721 3511 R.
764 3464 841 3511 lsotta
861 3463 888 3509 V.
924 3463 1118 3511 Ysotacausam
1136 3464 1170 3524 G,

322 3539 389 3588 laota
405 3553 506 3589 causam
523 3541 554 3589 R.
