2850 4694
560 612 613 673 127

157 784 217 837 ces
244 763 423 838 extitistis?
459 767 587 840 Nonne
613 793 685 855 vos,
713 768 818 842 modo
844 768 878 842 id
904 769 1007 842 Chri-

155 879 264 955 stiana
285 879 371 954 fides
393 880 549 978 patiatur,
571 882 654 955 deas
672 882 931 979 appellabimus,
948 909 1007 958 ve·

157 994 349 1069 nerabimur
365 1012 401 1068 et
418 998 600 1070 colemus?

206 1111 390 1207 Reliquum
412 1128 505 1185 esset
522 1137 624 1201 nunc,
639 1112 835 1186 clarissimae
848 1112 1005 1211 virgines,

156 1225 201 1299 de
220 1227 343 1324 nuptiis
365 1228 507 1301 novellis
525 1254 580 1301 me
598 1229 695 1303 vobis
720 1228 891 1325 gratulari,
910 1230 1006 1326 quod
1038 1268 1047 1320 t

155 1360 267 1416 tamen
295 1343 326 1416 in
354 1344 537 1442 praesentia
565 1345 731 1435 omittam,
758 1361 828 1417 tum
854 1345 950 1441 quod
972 1346 1005 1420 in

154 1458 305 1531 carmine
324 1485 403 1532 meo
420 1459 612 1556 perstrinxi,
627 1476 696 1533 tum
714 1484 798 1533 vero
816 1485 859 1532 ne
876 1460 1006 1535 delica-

154 1573 297 1648 tissimas
314 1599 413 1648 aures
439 1592 567 1649 vestras
585 1575 687 1649 nimia
711 1575 923 1672 loquacitate
940 1577 1005 1650 ob·

153 1689 302 1764 tundam.
339 1694 373 1763 ln
409 1690 499 1764 aliud
534 1690 634 1789 igitur
663 1707 699 1764 et
727 1690 839 1788 aptius
869 1708 1004 1789 tempus

153 1804 356 1880 differemus.
389 1808 459 1881 Sed
476 1825 578 1881 antea
607 1832 709 1904 quam
735 1806 874 1881 dicendi
901 1809 1002 1881 finem
1019 1848 1049 1883 10

152 1921 286 2012 faciam,
306 1949 366 1996 vos
385 1922 548 1997 maiorem
564 1924 595 1996 in
611 1923 750 1997 modum
764 1949 839 2012 oro,
856 1939 890 1996 ut
903 1924 1004 1998 solita

152 2038 359 2112 humanitate
389 2056 501 2114 vestra
530 2042 608 2114 haec
637 2039 901 2137 qualiacumque
927 2064 1003 2114 car·

126 2254 129 2260 ,
152 2154 241 2228 mina
258 2158 339 2229 laeto
356 2155 472 2230 animo
489 2156 690 2253 suscipiatis.

192 2286 310 2366 Quodsi
326 2287 434 2350 iudicio
449 2289 557 2349 luerint
572 2287 686 2349 laudata
701 2287 838 2367 benigno,

232 2385 372 2446 Mordeat
387 2386 460 2447 haec
475 2397 616 2466 quantum
638 2386 764 2466 quisque
780 2396 867 2466 poeta
880 2385 968 2445 uelit(
1017 2416 1044 2468 ¹5

199 2504 248 2576 Ea
281 2504 313 2576 in
344 2503 396 2577 his
426 2503 493 2576 ieci
521 2503 674 2577 Lichiam
708 2520 881 2600 pastorem
917 2527 1002 2576 enu-

150 2644 292 2710 merare,
316 2645 395 2716 quae
421 2620 565 2717 quilibet
586 2620 715 2716 peritus
736 2618 901 2693 devobis
930 2622 1001 2693 hoc

194 2854 228 2919 (t)
253 2856 358 2905 existitis
383 2858 416 2916 G,
443 2856 570 2906 extitisses
598 2858 625 2904 V.
668 2855 693 2904 id
717 2869 763 2903 om.
788 2855 818 2904 C.
861 2855 937 2903 Crist.
964 2857 997 2905 tt.

147 2935 326 3000 impetitone.
356 2936 586 3000 (tlcollemusCR.
622 2934 745 2998 (tiquod]
763 2948 815 2996 que
827 2936 858 2983 R.
892 2934 998 2998 (alpra-

148 3017 213 3065 senti
230 3019 268 3067 Μ.
302 3018 363 3079 quia
375 3019 402 3065 V.
437 3016 471 3080 (7)
480 3031 521 3066 me
532 3018 595 3066 GM.
630 3015 996 3077 prestrinxiG‚prostrinxiR‚

147 3099 264 3159 perstrixi
283 3099 311 3146 V.
345 3112 402 3148 cum
411 3098 442 3147 tt.
477 3096 511 3161 (9)
527 3105 602 3159 aptus
619 3098 650 3145 R.
685 3096 882 3160 (toldetiet.C.
916 3104 957 3144 set
967 3098 996 3144 V.

146 3187 282 3240 antequam
307 3180 338 3227 R.
381 3178 431 3241 (rr)
457 3176 594 3227 immodum
619 3178 650 3225 R.
693 3176 742 3239 (η)
767 3177 947 3238 qualicumque
965 3177 995 3227 C.

146 3257 196 3321 (¹4)
214 3259 265 3307 Etsi
283 3259 313 3308 C.
349 3258 435 3308 iudico
452 3260 489 3308 Μ.
525 3257 575 3306 iud.
595 3267 682 3306 vestro
699 3257 800 3306 laudata
813 3257 906 3305 luerint
918 3257 943 3304 b.
962 3258 994 3306 tt.

147 3339 256 3403 benigne
275 3341 307 3389 G.
343 3339 392 3403 (ις)
409 3339 529 3388 mordear
545 3339 633 3388 CGM.
667 3338 778 3398 quisque
795 3344 871 3398 poste
882 3336 986 3386 vellitR

147 3419 197 3482 (1⁶)
222 3421 245 3468 in
271 3421 318 3482 lris]
341 3421 399 3468 niltil
417 3421 448 3468 R.
484 3420 531 3477 hiis
546 3419 602 3468 CG.
638 3419 748 3467 lischiam
770 3419 797 3464 V.
817 3418 880 3465 Num
894 3417 995 3478 Lyciam

144 3498 308 3549 scribendum?
348 3500 438 3566 (16.17)
455 3501 598 3550 enumerari
617 3500 680 3558 GM,
697 3512 817 3546 enarrare
838 3499 864 3544 V.
898 3496 949 3560 (17)
961 3496 995 3546 de

145 3579 219 3629 vobis
234 3594 280 3628 ont.
297 3581 328 3632 tt.
