2850 4694
710 573 832 619 xxxvtn

345 757 389 805 ex
404 753 544 827 quarum
560 754 702 802 numero
720 744 877 824 septenae
889 744 1027 801 aetatem
1038 726 1117 800 tuler

347 845 427 918 nihil
458 846 637 941 hucusque
667 842 824 931 diximus,
852 866 930 915 cum
958 844 1065 915 multo
1091 866 1117 914 m

347 976 464 1035 notatu
500 958 614 1057 dignae
650 959 748 1032 nobis
783 957 987 1031 viderentur.
1015 957 1118 1030 Vix<

347 1092 463 1176 potest
480 1075 639 1165 dubitari,
658 1075 739 1172 quin
762 1099 899 1173 prorsus
917 1075 984 1146 alio
1003 1097 1105 1171 quam

348 1191 448 1265 miani
486 1190 608 1264 litterae
643 1189 789 1262 consilio
823 1189 961 1287 scriptae
991 1189 1066 1261 sint.
1107 1195 1117 1254 t

347 1307 437 1380 enim
471 1305 660 1379 Damianus
690 1304 832 1378 amicam
864 1306 1041 1377 absentem
1072 1300 1115 1376 de

349 1424 412 1496 bus
431 1421 527 1494 novis
544 1421 730 1495 certiorem
758 1420 874 1494 lacere
900 1419 1053 1493 studeret
1074 1435 1110 1491 et

350 1537 440 1610 nium
475 1562 555 1635 quae
589 1562 683 1609 suum
719 1536 865 1609 animum
901 1535 1111 1632 agitabant}

350 1652 463 1750 cipem
495 1651 565 1724 lieri
593 1653 706 1739 vellet,
734 1653 824 1723 lsota
851 1649 1001 1747 inprimis
1029 1648 1110 1722 ide

351 1765 494 1855 videtur,
526 1783 561 1839 ut
600 1766 675 1838 viris
715 1765 828 1839 doctis
867 1765 990 1861 quibus
1021 1766 1081 1838 has

352 1906 404 1955 ras
422 1881 528 1979 magis
537 1905 638 1980 quam
656 1881 829 1954 Damiano
844 1880 1107 1978 destinavitpen

351 1997 508 2070 oratione
533 1997 781 2093 sententiisque
800 1997 1015 2093 elegantibus
1037 1997 1105 2092 plat

353 2137 467 2210 neque
492 2136 574 2186 casu
602 2128 729 2185 tantum
758 2112 883 2184 lactum
910 2136 987 2184 esse
1007 2110 1099 2184 videt

353 2228 587 2301 lsotaelitterae
597 2228 627 2300 in
639 2228 743 2301 tribus
758 2226 938 2301 codicibus
951 2243 1101 2300 extarent

355 2342 454 2416 miani
472 2360 586 2416 autem
599 2343 727 2417 litteras
742 2368 809 2416 non
825 2343 885 2415 nisi
895 2368 939 2416 ex
954 2343 1034 2440 ipsis
1047 2360 1100 2416 aut

355 2457 430 2556 phis
443 2459 599 2556 cognitas
613 2459 861 2532 haberemus.5⁶
873 2460 922 2530 Ex
933 2461 1034 2532 lsotae
1051 2483 1097 2556 ep

355 2572 409 2645 vix
420 2597 518 2646 unam
532 2575 716 2647 alteramve
730 2597 809 2646 cum
822 2573 1032 2670 gravioribus
1045 2576 1096 2648 Da

354 2688 473 2762 litteris
499 2713 702 2788 comparare
733 2714 923 2786 possumus,
955 2713 1042 2778 eam,
1075 2690 1094 2761 ir

357 2804 516 2878 Damiani
539 2804 821 2878 commentarium
849 2803 894 2877 de
919 2804 1093 2878 obsidione

356 2919 455 2993 xiana
480 2919 605 3009 laudat,
632 2937 667 2993 et
702 2920 845 2993 fortasse
880 2944 955 2993 eam
987 2946 1091 3018 quoqr

356 3059 425 3132 qua
466 3035 499 3107 in
537 3035 655 3109 laudes
697 3036 882 3108 carminum
918 3037 1082 3127 evehitur,

357 3150 533 3240 Eusebius
562 3151 721 3224 Damiani
741 3151 837 3240 lilius,
855 3150 899 3224 ad
917 3176 992 3224 eam
1011 3153 1088 3251 scri1

355 3282 392 3339 et
417 3265 449 3338 in
475 3291 544 3364 qua
564 3266 665 3340 etiam
684 3266 826 3339 aliorum
845 3268 978 3364 utrique
997 3269 1086 3341 famil

357 3381 508 3454 meminit
532 3381 708 3479 (Venetiis,
734 3385 785 3455 111.
808 3385 898 3455 Dec.
926 3385 1037 3480 1439).
1064 3384 1085 3457 (

357 3499 458 3570 lsotae
483 3497 641 3595 epistolae
668 3498 712 3570 ita
734 3515 809 3570 sunt
827 3498 1002 3571 sententiis
1024 3499 1082 3572 int
