2850 4694
658 583 739 627 elvn

324 735 505 808 Perierunt
531 735 631 831 igitur
648 736 769 810 litterae
788 762 874 831 quas
890 762 1028 810 sorores
1044 762 1124 811 cum

274 851 440 924 bonarum
459 850 644 924 litterarum
670 852 783 926 studia
808 852 862 924 vix
890 852 1006 950 primis
1023 853 1124 927 labris

273 965 547 1064 degustavissent
588 967 633 1040 ad
673 969 702 1040 F
704 967 895 1042 ranciseum
936 970 1123 1043 Barbarum

272 1080 461 1171 dederunt;
481 1098 550 1156 tum
573 1107 617 1155 ex
643 1081 792 1179 epistola
809 1083 957 1179 quadam
976 1084 1122 1182 Georgii

273 1196 668 1296 Bevilacquaediscimus
678 1223 761 1272 unas
772 1223 927 1272 sororum
937 1199 1123 1273 litterasad

272 1338 350 1387 eum
368 1313 514 1411 scriptas
535 1313 579 1387 ad
594 1330 742 1389 nostram
756 1330 895 1388 aetatem
915 1340 983 1388 non
1002 1340 1123 1413 perve-

272 1428 373 1517 nisse,
392 1445 497 1523 atque
523 1429 626 1503 etiam
645 1432 823 1512 nonnullas
840 1433 942 1504 lsotae
959 1429 1124 1528 epistolas

273 1569 358 1642 quas
372 1544 416 1619 ad
427 1544 635 1618 Damianum
651 1547 801 1643 Burgum
823 1545 960 1643 scripsit
980 1545 1123 1643 periisse

270 1684 291 1732 e
312 1659 498 1734 litterarum
523 1660 737 1734 commercio
750 1661 846 1757 quod
866 1660 953 1734 inter
979 1661 1122 1735 Damia-

272 1800 349 1848 num
361 1791 397 1847 et
415 1778 540 1849 lsotam
551 1774 790 1851 intercedebat
808 1776 1045 1874 intellegimus,
1056 1801 1122 1851 nec
1220 1824 1222 1828 -

269 1915 312 1964 ea
328 1915 431 1988 quam
451 1890 647 1965 Ludovicus
670 1893 698 1964 F
701 1915 885 1966 uscarenus
904 1892 936 1964 in
954 1892 1073 1966 litteris
1089 1918 1120 1966 a.

275 2026 359 2105 1453
377 2006 530 2105 ¹scriptis
569 2023 736 2082 memorat
761 2010 863 2082 lsotae
900 2007 1048 2106 epistola
1076 2008 1121 2082 ad

269 2123 407 2195 Sanctae
442 2121 568 2196 Crucis
604 2122 941 2198 Reverendissimum
982 2126 1120 2198 Patrem

268 2234 354 2331 (sine
403 2236 512 2311 dubio
556 2236 601 2310 ad
650 2237 835 2312 Nicolaum
886 2240 1119 2337 Albergatum,

268 2352 325 2448 qui
360 2376 390 2425 a.
433 2371 518 2451 ¹375
559 2369 655 2427 natus
688 2378 719 2427 a.
762 2380 847 2452 ¹443
873 2353 932 2429 die
959 2379 1004 2428 tx.
1034 2354 1118 2429 Maii

267 2464 364 2562 obiit)
401 2467 530 2566 scripta
558 2468 703 2568 amplius
728 2485 833 2543 extat.
877 2469 1119 2568 Maximopere

266 2598 380 2656 autem
406 2583 575 2674 dolemus,
594 2584 689 2682 quod
717 2609 761 2658 ne
787 2609 853 2665 una
878 2585 1018 2684 quidem
1044 2587 1119 2684 epi·

266 2699 354 2773 stola
370 2724 415 2773 ex
432 2723 548 2774 earum
567 2725 710 2774 numero
734 2716 872 2775 aetatem
891 2701 1015 2792 tulerit,
1033 2728 1119 2803 quas

265 2812 310 2886 ad
329 2811 543 2889 Ludovicum
570 2817 599 2888 F
601 2838 802 2889 uscarenum
831 2814 957 2890 Brixiae
984 2818 1118 2892 Praeto

266 2954 336 3002 rem
354 2928 501 3028 scripsit,
518 2954 563 3005 ex
581 2929 705 3029 quibus
730 2933 837 3005 multo
866 2931 969 3006 etiam
994 2932 1118 3006 clarius

265 3067 366 3141 quam
384 3043 464 3119 vitae
481 3045 647 3120 rationem
665 3062 746 3144 post
763 3045 908 3121 reditum
927 3047 960 3120 in
973 3047 1116 3145 patriam

264 3176 385 3234 secuta
401 3176 494 3235 esset
510 3177 704 3259 appareret
728 3164 863 3236 Tamen
889 3162 1030 3261 egregie
1056 3162 1117 3238 sal·

264 3277 386 3365 luntur,
404 3275 462 3375 qui
488 3275 743 3375 deperditarum
770 3281 872 3353 lsotae
896 3279 1116 3376 epistolarum

265 3415 440 3466 numerum
469 3416 572 3490 supra
610 3392 713 3466 fidem
748 3411 914 3492 augentes
949 3395 981 3468 in
1017 3395 1117 3469 unica

264 3505 475 3582 bibliotheca
517 3507 671 3583 Parisina
724 3510 811 3584 inter
851 3510 957 3584 libros
999 3511 1115 3586 lacobi
