2850 4694
672 580 719 626 [Vl

272 736 424 835 hospitio
450 736 648 810 illustratum
666 736 718 810 sit.
738 735 809 811 Ubi
826 761 906 811 cum
924 760 967 811 ea
983 762 1064 835 quae
1080 735 1127 812 de

274 855 401 927 Ioanne
441 853 619 950 Naugerio
655 853 749 926 dicta
782 868 860 926 sunt
892 850 936 926 ad
970 851 1128 926 Aldinam

274 966 401 1065 dialogi
414 967 653 1042 recensionem
668 985 840 1064 spectent,
851 985 958 1041 totam
969 968 1127 1066 elegiam,

272 1107 352 1180 quae
370 1100 498 1156 tantum
518 1083 549 1154 in
567 1082 690 1157 Aldina
708 1082 861 1157 editione
879 1083 1024 1181 eiusque
1042 1108 1129 1182 apo-

270 1199 409 1297 graphis
426 1215 559 1272 servata
572 1199 625 1288 sit,
636 1224 656 1272 a
667 1199 854 1272 Francisco
870 1201 1059 1296 Nogarola,
1070 1200 1128 1297 qui

271 1314 488 1388 aSansovino
499 1314 703 1411 poetahaud
712 1313 927 1412 spernendus
936 1313 1129 1403 vocatur‚‘’8

273 1429 501 1526 compositam
512 1454 590 1503 esse
604 1430 748 1503 sortasse
758 1430 880 1528 aliquis
889 1429 1125 1527 suspicabitur.

272 1543 345 1617 Atsi
365 1544 633 1640 reputaverimus
651 1547 775 1618 lsotam
793 1569 815 1617 a
832 1544 973 1641 poetica
991 1544 1128 1618 minime

274 1658 532 1733 abhorruisse‘>9
549 1676 585 1733 et
613 1659 716 1733 etiam
744 1659 869 1758 dialogi
889 1659 1128 1733 recensionem

274 1773 429 1848 Aldinam
448 1799 469 1848 a
488 1775 674 1849 Francisco
690 1777 869 1872 Nogarola
882 1791 1010 1849 tantum
1026 1775 1129 1849 inter·

275 1891 435 1987 polatam,
458 1916 527 1964 non
546 1916 683 1988 prorsus
702 1891 815 1964 fictam
834 1915 912 1965 esse
930 1891 1130 1966 considera·

274 2005 430 2095 verimus,
475 2005 618 2080 sortasse
653 2008 820 2080 malemus
858 2007 947 2080 hanc
981 2007 1128 2104 elegiam

274 2122 376 2194 lsotae
389 2143 562 2194 carmena
577 2121 765 2194 Francisco
784 2123 964 2219 Nogarola
976 2122 1129 2195 versibus

275 2235 443 2309 nonnullis
456 2234 500 2309 ad
515 2235 648 2309 loannis
668 2236 834 2333 Naugerii
852 2235 988 2310 laudem
1006 2235 1129 2310 condi-

274 2350 316 2424 tis
332 2368 468 2424 auctum
488 2368 608 2448 putare
626 2376 729 2449 quam
748 2368 854 2426 totam
872 2354 917 2426 ab
931 2355 1021 2426 lsota
1032 2351 1130 2426 abiu·

274 2465 401 2557 dicare,
417 2466 607 2564 praesertim
623 2492 701 2541 cum
716 2467 770 2539 vix
789 2468 968 2566 probabile
985 2467 1029 2541 sit
1042 2468 1129 2540 lovi-

274 2582 328 2657 ani
349 2582 495 2657 Pontani
513 2600 549 2656 et
566 2585 757 2679 Gonzagae‚
775 2583 846 2656 sive
864 2586 1009 2658 loannes
1023 2585 1051 2656 F
1054 2608 1129 2657 ran·

274 2698 387 2772 ciscus
404 2700 572 2794 Gonzaga
589 2696 856 2798 (1595-1444)
879 2697 906 2772 is
932 2699 1032 2772 luerit
1057 2699 1129 2773 sive

276 2813 471 2888 ludovicus
488 2816 541 2886 lll.
560 2813 659 2887 huius
677 2813 773 2905 lilius,
792 2839 882 2912 quos
895 2816 1016 2888 ambos
1030 2815 1130 2888 bonis

275 2928 393 3003 litteris
410 2929 532 3003 lavisse
550 2945 697 3017 constat,
713 2929 745 3002 in
759 2931 888 3003 Castro
900 2929 1018 3002 Azzani
1033 2952 1129 3002 com·

277 3043 500 3119 morationem
518 3045 659 3118 omnino
678 3044 792 3119 lictam
811 3069 899 3118 esse.

325 3159 394 3233 Sed
435 3159 480 3234 ad
525 3160 738 3234 ludovicum
786 3163 1019 3234 Fuscarenum
1064 3159 1127 3233 iam

276 3292 391 3349 nostra
405 3293 591 3350 revertatur
607 3277 727 3351 oratio
750 3279 966 3351 Fuscarenus
984 3274 1084 3373 igitur
1096 3299 1126 3349 a.

283 3411 365 3493 1451
394 3411 587 3490 praeturam,
621 3419 651 3468 a.
686 3394 777 3495 1456
803 3392 1044 3491 praefecturam
1065 3393 1129 3463 Ve-

276 3531 457 3581 ronensem
482 3508 601 3607 gessit,
627 3535 657 3583 a.
689 3530 773 3612 1453
806 3508 955 3581 Brixiam
981 3505 1079 3596 rexit,
1097 3531 1126 3578 a.
