2850 4694
500 953 608 1022 XVII.

321 1256 464 1317 (Ferraria,
483 1258 610 1320 principio
626 1260 683 1308 roni
703 1260 781 1322 1438.)

128 1533 309 1608 Lodouicus
321 1535 485 1608 Zendrutu
493 1535 640 1609 Zineurae
652 1545 685 1610 et
695 1539 795 1611 Isotoe
802 1538 978 1636 Nogurolir

467 1652 499 1723 S.
523 1654 561 1724 P.
585 1655 632 1724 D.

125 1939 410 2291 Quinti
440 1984 495 2034 me
525 1984 568 2034 ac
593 1961 666 2035 fere
692 1960 901 2037 incredibilis
931 1962 975 2037 ad
1010 1986 1018 2037 s

336 2075 555 2150 scribendum
604 2075 735 2174 impulit
784 2077 975 2168 admiratio,

337 2215 416 2265 cum
442 2192 538 2289 quod
557 2191 637 2265 mihi
660 2193 804 2289 primum
831 2218 899 2267 non
927 2193 976 2267 su-

126 2309 192 2383 cile
235 2306 505 2406 persuadebam,
545 2307 579 2382 id
613 2332 634 2381 a
668 2307 742 2382 fidis
781 2309 903 2382 nuntiis
940 2325 977 2383 et

126 2423 337 2497 auctoritatis
372 2423 565 2498 hominibus
603 2426 677 2498 sole
711 2424 837 2498 certius
871 2442 976 2522 atque

125 2539 335 2636 exploratius
360 2540 576 2637 acceperim
604 2540 785 2614 nonenim
821 2541 871 2614 his
906 2564 1023 2614 mii-10

127 2655 216 2729 xime'
264 2655 476 2753 temporibus
520 2655 663 2730 feminus
705 2656 776 2730 istis
824 2657 977 2731 humani·

172 2965 264 3014 Colluti
278 2973 353 3014 sunt:
371 2963 463 3014 Codex
479 2964 687 3014 vindobonensis
703 2979 727 3012 n.
746 2965 803 3024 3481
821 2964 873 3028 (C),
897 2965 976 3016 Guel-

98 3042 102 3055 '
125 3043 272 3107 terbytunus
288 3044 343 3107 (G),
363 3044 526 3094 Monuoensis
541 3042 600 3106 (m,
624 3044 781 3093 Veronensis
797 3042 849 3107 (V).

175 3123 268 3173 Titulus
289 3123 314 3172 io
333 3125 375 3173 G:
405 3123 561 3172 Ludowicuu
588 3124 685 3183 Ysote;
710 3122 735 3171 io
754 3123 801 3172 M:
829 3122 977 3173 Ludovicus

126 3205 195 3254 bote
222 3204 270 3253 &0-
311 3204 345 3267 (ι)
371 3203 467 3252 Cendr.
503 3203 531 3250 V.
581 3203 700 3251 Zinebroe
727 3202 757 3252 C.
808 3205 894 3252 lsottae
921 3204 974 3252 BV.

125 3282 203 3346 (5)et
227 3284 285 3332 CG.
318 3295 381 3331 uere
398 3284 432 3331 G.
466 3280 500 3345 (7)
515 3290 568 3330 tum
584 3281 656 3342 quod
675 3282 707 3330 G.
727 3296 766 3344 pr.
785 3283 843 3330 mihi
860 3283 898 3341 Μ,
917 3282 976 3332 mihi

126 3364 259 3426 plurimum
276 3364 307 3412 0
342 3363 375 3424 (7.
396 3364 420 3426 8)
442 3363 515 3411 focile
534 3376 579 3410 om.
605 3362 632 3409 V.
677 3360 712 3423 (8)
729 3361 754 3410 id
777 3361 883 3411 facilen
905 3361 920 3409 s.
946 3364 973 3411 V.

126 3443 222 3492 nunciis
238 3444 300 3491 MV·
343 3442 376 3506 (9)
392 3451 476 3491 uutor.
495 3443 533 3502 M,
558 3450 675 3490 uucutor.
698 3443 725 3490 V.
770 3442 889 3489 solertius
909 3443 973 3490 GM.

127 3520 176 3585 (ιο)
200 3523 299 3584 implor,
321 3524 348 3579 V,
399 3536 472 3590 περ.
501 3523 528 3574 V.
586 3519 632 3578 hiis
657 3521 713 3569 CG.
768 3520 815 3582 (ιο.
837 3522 874 3585 ιι)
902 3523 976 3570 maxi-

126 3600 173 3659 mis
193 3602 256 3659 GM.
