2926 5168
698 1100 738 1162 97

286 1253 499 1326 sanctissima
520 1253 643 1326 virtute
668 1268 798 1349 ageret,
825 1252 976 1326 omnium
1003 1277 1141 1351 posses-

286 1368 419 1441 sionum
450 1367 675 1442 immortalem
706 1392 784 1441 esse
814 1367 1027 1465 sapientiam.
1061 1367 1141 1443 Bias

287 1499 457 1580 praeterea
482 1482 570 1556 inter
585 1499 720 1581 septem
746 1482 1016 1579 sapientissimos
1042 1483 1141 1557 dinu-

288 1617 446 1689 meratus,
465 1623 544 1674 cum
562 1600 635 1672 eius
657 1598 776 1672 civitas
804 1598 953 1672 Prienne
971 1600 1016 1672 ab
1034 1598 1141 1673 hosti·

288 1716 350 1788 bus
368 1732 460 1789 esset
473 1732 657 1813 occupata,
667 1739 730 1789 sua
747 1714 894 1811 quisque
913 1716 1005 1788 bona
1023 1713 1140 1811 praeri·
1173 1743 1182 1794 5

287 1855 370 1928 pere
397 1829 577 1920 nitebatur,
605 1830 632 1904 is
658 1854 742 1903 vero
776 1829 886 1903 nudus
911 1829 1140 1926 omnibusque

286 1945 411 2042 opibus
436 1969 564 2019 vacuus
586 1969 664 2018 cum
683 1969 704 2018 a
721 1945 940 2018 consortibus
966 1969 1141 2040 quaerere·

286 2078 349 2149 tur,
381 2059 544 2157 quidnam
578 2078 682 2149 esset,
714 2060 810 2157 quod
842 2084 885 2133 ne
920 2060 1139 2156 pauxillulum

286 2174 426 2272 quidem
437 2175 549 2249 viatici
563 2175 712 2265 efferret,
726 2175 754 2249 is
771 2175 882 2249 illico:
905 2178 1000 2265 Mea,
1020 2174 1139 2272 inquit,

287 2313 422 2364 mecum
440 2307 553 2387 porto.
575 2292 661 2391 Quo
674 2315 719 2364 ex
737 2289 833 2364 dicto
848 2289 928 2363 nihil
946 2315 1024 2364 esse
1043 2315 1186 2387 pror-10

286 2431 342 2480 sus
367 2406 489 2479 virtute
515 2405 667 2479 stabilius
693 2424 750 2479 aut
776 2406 991 2504 praestantius
1017 2405 1140 2503 magis-

286 2545 356 2618 que
374 2520 503 2594 homini
521 2521 702 2595 decentius
720 2522 790 2594 hoc
812 2520 992 2594 immortali
1010 2520 1140 2594 virtutis

287 2638 501 2710 firmamento
535 2636 687 2710 edocuit.
721 2635 831 2736 Quod
859 2635 949 2709 haud
975 2635 1137 2732 equidem

287 2753 480 2825 Stoicorum
499 2753 698 2849 discrepare
711 2752 891 2825 sententiae
905 2751 1049 2841 videtur,
1059 2776 1138 2826 cum

288 2893 388 2940 unum
403 2868 601 2941 mortalibus
616 2870 744 2941 bonum
754 2892 831 2941 esse
840 2867 998 2940 virtutem
1011 2891 1139 2969 appro·
1155 2898 1180 2949 ις

287 2983 418 3070 barem,
436 2999 591 3055 ceterum
609 2983 740 3080 reliqua
762 2999 1004 3056 momentanea
1020 2998 1056 3055 et
1074 2982 1139 3055 lra-

284 3097 366 3195 'gilia
383 3097 519 3171 lortuna
534 3098 709 3172 sentirent.
734 3097 845 3200 Quod
864 3123 907 3172 ne
926 3098 1045 3172 mirum
1063 3097 1139 3194 qui-

285 3213 377 3301 dem,
387 3237 466 3286 cum
480 3212 618 3287 summis
633 3214 788 3287 homines
807 3213 935 3311 ubique
954 3228 1140 3309 prosecuta

284 3329 328 3402 sit
344 3327 500 3402 laudibus
522 3345 558 3400 et
585 3329 712 3425 ubique
739 3353 877 3425 semper
902 3327 1013 3425 magni
1037 3325 1138 3401 lecis-

284 3460 338 3517 set
354 3460 391 3517 et
407 3467 470 3517 eos
495 3468 736 3540 saepenumero
754 3468 774 3517 a
790 3443 994 3541 gravissimis
1016 3442 1138 3516 desen·
1152 3478 1184 3514 ιο

331 3656 365 3719 (1)
392 3664 482 3719 egeret
500 3656 528 3703 V.
563 3654 598 3718 (3)
625 3655 691 3704 inter
712 3669 732 3705 s.
757 3664 823 3717 pret.
852 3657 879 3703 V.
924 3655 957 3719 (ὁ)
970 3655 1087 3704 omnibus
1107 3654 1135 3701 V.

285 3735 318 3798 (8)
334 3737 485 3798 pausilulum
503 3735 533 3794 C,
558 3735 685 3796 pauxilum
705 3736 733 3783 V.
768 3736 801 3798 (9)
819 3736 902 3783 matici
917 3736 947 3783 C.
982 3735 1089 3783 ederent
1104 3733 1135 3794 C,

283 3817 387 3865 allerret
407 3817 432 3863 V.
467 3816 516 3877 (ro)
528 3808 636 3877 prorsus
647 3828 706 3863 esse
719 3815 747 3864 C.
783 3813 929 3878 (11Jvirtuti
951 3815 977 3862 V.
1013 3813 1137 3878 (mlado-

285 3897 432 3946 cuitom.0
469 3896 683 3958 haud]autemC.
711 3895 955 3960 (14)stoycorumC.
990 3893 1081 3957 (15.16)
1092 3908 1138 3956 ap·

284 3978 395 4039 probent
405 3976 434 4026 G
469 3975 519 4040 (16)
531 3984 675 4026 ceterarum
687 3977 717 4026 t:
742 3975 790 4039 (rb.
803 3977 840 4039 17)
851 3975 957 4040 fragillia
968 3975 998 4025 0
1017 3973 1066 4038 (18)
1079 3973 1137 4022 ubi-

285 4070 336 4118 que
353 4071 399 4104 ouz.
414 4058 440 4104 V.
475 4056 525 4120 (rol
541 4070 557 4104 a
572 4071 640 4120 grav.
654 4071 717 4120 sep.
732 4057 762 4109 Ο

338 4176 399 4217 lm
414 4175 524 4231 Noguruloe
537 4176 613 4233 Opera.
628 4178 643 4218 1.
1014 4174 1028 4223 7
