2850 4694
513 602 595 650 txvtt

128 760 219 834 idem
246 759 302 833 cui
329 762 420 834 lsota
444 776 524 833 ante
549 759 666 856 viginti
693 759 766 833 lere
795 785 905 835 annos
934 761 980 835 de

127 876 255 974 adepta
264 875 456 972 Apostolici
473 874 705 949 Protonotarii
719 874 885 972 dignitate
898 900 983 950 con-

125 993 293 1090 gratulata
309 1007 392 1065 erat.
413 992 497 1091 Qua
513 990 558 1064 de
577 1014 681 1064 causa
694 1016 762 1064 non
778 991 983 1083 mirabimur,

127 1107 223 1206 quod
242 1110 333 1181 lsota
349 1107 423 1179 viro
440 1105 719 1195 eminentissimo,
738 1129 841 1202 quem
862 1108 983 1204 Noga-

126 1226 210 1297 rolae
237 1222 373 1297 lamiliae
407 1221 574 1320 optimum
608 1238 801 1320 patronum,
828 1222 892 1296 sibi
919 1221 982 1320 ipsi

125 1339 351 1437 gratissimum
369 1338 516 1412 amicum
544 1337 690 1411 luturum
716 1362 794 1412 esse
820 1362 884 1411 suo
910 1337 982 1412 iure

126 1479 265 1552 sperare
284 1453 405 1551 potuit,
416 1452 527 1527 statim
547 1453 603 1526 ubi
621 1455 795 1527 Veronam
814 1470 887 1527 tota
900 1452 983 1527 civi-

127 1585 196 1642 tate
206 1569 393 1667 plaudente
406 1568 578 1666 ingressus
587 1585 651 1658 est,
662 1568 693 1624 ⁷⁶
705 1569 899 1666 epistolam,
909 1568 981 1643 sive

127 1685 271 1759 codices
301 1701 337 1759 et
368 1686 599 1759 Fuscarenum
627 1700 766 1758 secutus
787 1684 980 1758 orationem

127 1801 232 1875 mavis
241 1801 371 1891 dicere,
382 1800 633 1897 scripsit‚quam
645 1800 841 1874 Ludovicus
852 1802 982 1874 Fusca-

127 1941 227 1991 renus
241 1917 274 1990 in
288 1916 407 1990 litteris
415 1916 459 1990 ad
473 1919 598 1990 lsotam
609 1915 697 1990 datis
711 1916 827 1990 illustri
843 1916 981 1990 nomine

125 2032 356 2132 dignissimam
387 2057 465 2106 esse
487 2032 649 2107 iudicavit
675 2057 789 2130 neque
815 2032 982 2107 dubitavit

126 2149 207 2245 quin
225 2173 302 2222 eam
321 2173 428 2222 novus
446 2148 640 2246 Episcopus
657 2148 816 2222 omnibus
843 2147 981 2246 insigni-

126 2265 200 2354 bus,
219 2263 377 2338 omnibus
403 2263 591 2362 triumphis,
617 2264 774 2338 omnibus
801 2263 981 2361 pontifica-

127 2380 216 2453 tibus
233 2379 301 2453 suis
314 2380 567 2477 antepositurus
584 2395 687 2454 esset.
708 2381 837 2476 Neque
855 2382 980 2454 lsotam

126 2519 217 2592 spes,
237 2519 338 2592 quam
357 2494 403 2568 de
424 2497 617 2569 Hermolao
636 2497 789 2569 Barbaro
804 2496 980 2586 habuerat,

127 2609 257 2684 fefellit.
288 2611 378 2683 Nam
405 2611 535 2683 firmam
558 2607 715 2708 tempore
734 2609 980 2708 progrediente

127 2723 383 2799 interfeminam
393 2724 673 2798 doctissimamet
683 2725 893 2823 Episcopum
903 2749 981 2798 eru·

127 2840 328 2916 ditissimum
355 2857 568 2915 contractam
594 2866 672 2914 esse
698 2841 881 2915 amicitiam
901 2841 981 2915 inde

127 2957 339 3032 concludere
370 2957 462 3046 licet,
497 2956 593 3054 quod
620 2956 795 3030 decennio
822 2956 894 3031 lere
919 2981 981 3030 ex·

128 3091 209 3148 acto
233 3099 264 3148 a.
299 3073 389 3168 1464
417 3074 626 3146 Hermolaus
653 3074 822 3146 Barbarus
848 3074 980 3169 Apolo-

126 3189 227 3287 giam,
254 3212 323 3286 qua
352 3190 589 3262 nonnullorum
620 3188 825 3285 ingratorum
856 3187 979 3260 civium

127 3304 244 3378 odium
271 3305 443 3403 repressit,
470 3306 572 3378 lsotae
599 3303 725 3376 nomini
752 3302 937 3377 dedicavit.
949 3313 980 3361 ⁷⁷

129 3422 211 3519 Qua
230 3421 263 3493 in
280 3445 317 3494 re
338 3420 434 3494 Pauli
449 3420 569 3494 Mallei
584 3419 756 3493 Canonici
770 3417 980 3493 Veronensis

127 3538 322 3634 exemplum
356 3551 496 3609 secutus
529 3551 592 3626 est,
627 3534 685 3633 qui
711 3535 805 3609 circa
830 3534 978 3608 medium

842 3678 872 3724 e.
