2850 4694
653 616 732 662 xxm

267 772 331 844 bus
365 770 545 867 quomodo
579 796 718 845 sorores
751 772 783 843 in
818 771 936 846 litteris
966 773 1120 845 conscri-

268 884 390 958 bendis
407 903 552 959 versatae
569 886 636 959 sint
654 886 874 960 edoceamur.
893 889 1015 961 Ambae
1028 887 1118 961 enim

267 999 314 1073 de
336 999 493 1075 laudibus
518 1001 702 1075 litterarum
723 1026 768 1074 eo
786 1001 932 1075 consilio
949 1020 1064 1099 agunt,
1085 1019 1120 1075 ut

267 1116 430 1189 lacobum
446 1115 478 1188 in
496 1116 612 1190 studio
630 1141 712 1191 sane
731 1115 890 1190 laudabili
903 1117 1119 1197 confirment,

265 1250 302 1304 et
335 1231 500 1306 orationis
539 1230 844 1329 dispositionisque
878 1257 1008 1330 genere
1051 1250 1118 1305 tarn

266 1346 364 1420 simili
380 1364 527 1439 utuntur,
539 1348 700 1421 utsacere
711 1348 765 1420 vix
776 1348 956 1445 possimus,
968 1347 1049 1445 quin
1060 1373 1119 1422 eas

267 1463 429 1561 magistro
454 1462 546 1537 duce
567 1466 622 1537 vel
647 1466 767 1538 saltem
794 1489 832 1537 re
861 1463 1015 1563 repetitis
1045 1466 1119 1536 col-

266 1577 391 1675 loquiis
417 1595 579 1652 accurate
606 1603 778 1676 perpensa
795 1577 925 1652 litteras
942 1577 1119 1676 scripsisse

266 1692 457 1767 credamus.

316 1811 539 1908 Quamquam
561 1833 641 1906 quae
667 1832 688 1881 a
713 1810 843 1882 lacobo
860 1834 1026 1907 responsa
1042 1826 1119 1883 sunt

264 1939 404 1997 retatem
432 1925 547 1998 tulisse
574 1950 644 1999 non
670 1923 838 2015 videntur,
861 1941 974 1998 tamen
1002 1925 1118 2022 quanti

265 2062 423 2112 sororum
441 2039 646 2137 obsequium
663 2039 883 2115 aestimaverit
896 2065 939 2113 ex
953 2065 999 2114 eo
1012 2065 1118 2137 appa-

266 2170 329 2244 ret,
356 2154 451 2252 quod
479 2154 586 2253 prima
611 2155 800 2229 occasione
828 2156 945 2229 oblata
961 2180 1117 2229 sororum

266 2267 394 2342 litteras
410 2269 479 2343 suis
495 2269 674 2344 adiunctas
691 2269 736 2344 ad
751 2270 934 2344 Guarinum
959 2273 1118 2343 Veronen-

264 2407 334 2456 sem
359 2384 457 2475 misit,
481 2385 540 2482 qui
566 2410 611 2459 eo
634 2403 803 2482 tempore,
828 2410 946 2458 mense
965 2385 1116 2458 Octobri

265 2522 296 2571 a
319 2523 359 2593 ยน4
365 2500 419 2595 36,
431 2525 540 2598 prope
553 2499 597 2573 ad
611 2501 783 2573 Veronam
802 2499 834 2572 in
848 2502 935 2573 valle
952 2499 1119 2572 Policella

265 2630 387 2686 contra
421 2615 646 2712 pestilentiam
686 2639 755 2712 qua
788 2615 944 2688 Ferraria
981 2639 1117 2711 preme-

266 2729 365 2801 batur
383 2728 576 2826 praesidium
594 2732 783 2828 quaerebat.
812 2730 985 2804 Guarinus
1002 2748 1117 2803 autem

265 2844 324 2941 qui
344 2870 515 2942 nunquam
534 2862 636 2920 antea
657 2845 703 2920 de
723 2870 880 2919 sororum
908 2846 997 2919 sama
1022 2844 1117 2918 audi-

264 2976 370 3050 verat,
396 2986 616 3060 summopere
656 2964 724 3035 hoc
759 2961 854 3036 dono
886 2962 1022 3060 gavisus
1052 2978 1114 3051 est,

265 3076 361 3174 quod
388 3077 420 3150 in
443 3078 590 3175 epistola
611 3077 668 3151 die
695 3079 765 3151 Vll.
795 3078 920 3152 mensis
947 3078 1117 3150 Octobris

264 3217 295 3266 a.
322 3194 411 3290 1436
429 3191 473 3266 ad
491 3194 653 3267 lacobum
673 3196 859 3266 Foscarum
878 3193 958 3267 data
978 3193 1116 3266 summis

263 3309 420 3383 laudibus
454 3310 561 3384 effert.
598 3308 707 3411 Quid,
735 3308 853 3406 inquit,
881 3334 958 3382 cum
989 3309 1117 3407 scripta

264 3425 338 3524 ipsa
359 3428 528 3524 perlegas,
550 3441 609 3499 aut
629 3442 709 3523 apta
733 3426 914 3499 verborum
937 3442 1115 3499 construc-

263 3539 358 3614 tione
383 3540 585 3614 concinnius
611 3558 668 3612 aut
691 3539 764 3637 ipsa
782 3540 928 3638 puritate
961 3557 997 3614 et
1031 3540 1114 3613 luci-
