2926 5168
961 607 992 650 Ν

551 761 673 858 quinto
712 761 898 833 floruerunt
929 758 1095 855 insignem
1127 760 1241 832 locum
1270 757 1407 832 obtinet

551 874 742 950 leonardus
760 875 951 973 Nogarola‚
964 876 1067 948 lsotae
1081 874 1184 948 frater
1196 886 1407 971 germanus⁴

552 991 622 1064 Cui
656 990 779 1065 merito
806 989 950 1087 inclytus
984 988 1058 1063 eius
1092 1014 1137 1063 ex
1162 990 1266 1062 sratre
1296 1014 1407 1088 nepos

552 1104 770 1204 Hieronymus
805 1106 985 1203 Nogarola
1012 1103 1150 1177 Antonii
1178 1103 1294 1178 filiusl
1327 1128 1407 1179 suc·

551 1218 783 1315 cessitlverba
796 1235 874 1294 sunt
887 1217 1013 1293 Valerii
1034 1219 1193 1308 Palermi‚
1208 1243 1288 1317 quae
1302 1221 1407 1317 paulo

552 1335 657 1409 fusius
670 1334 799 1409 referre
813 1336 929 1431 placet
946 1349 1068 1431 utpote
1082 1333 1127 1407 de
1140 1333 1214 1407 viro
1227 1335 1331 1431 vulgo
1344 1333 1408 1407 mi·

551 1476 615 1525 nus
636 1467 721 1525 noto
746 1448 850 1544 dicta)
873 1449 923 1522 vir
941 1465 1010 1522 tum
1034 1449 1294 1523 humanissimus
1311 1466 1348 1522 et
1373 1448 1406 1523 in

552 1565 804 1641 consuetudine
822 1564 1064 1663 periucundus,
1084 1581 1153 1637 tum
1169 1563 1201 1637 in
1215 1563 1308 1638 omni
1323 1564 1408 1639 scri·

553 1682 657 1756 bendi
666 1706 797 1780 genere
810 1705 942 1754 summa
955 1679 1113 1754 doctrina
1126 1679 1302 1777 praeditus,
1316 1704 1408 1777 prae·

553 1798 729 1896 cipueque
754 1797 787 1869 in
814 1795 1005 1893 pangendis
1022 1795 1229 1869 carminibus
1246 1794 1407 1894 singulari

554 1913 702 2012 quadam
721 1912 884 1986 facilitate
902 1929 938 1985 et
954 1928 1132 1986 venustate
1150 1913 1295 2009 pollens,
1315 1909 1408 1985 unde

554 2029 635 2104 tanti
663 2029 723 2101 viri
752 2027 924 2126 ingenium
947 2027 1132 2101 admiratus
1151 2027 1408 2102 Maximilianus

554 2147 784 2218 Caesareum
815 2168 893 2217 eum
923 2142 987 2217 sibi
1018 2167 1039 2216 a
1067 2143 1211 2217 secretis
1241 2143 1407 2217 comitem

553 2260 741 2348 ascivisset,
757 2259 887 2357 magnis
896 2284 1034 2357 semper
1044 2258 1077 2331 in
1087 2259 1189 2332 rebus
1199 2258 1286 2332 illius
1298 2282 1409 2357 opera

554 2392 590 2448 et
619 2374 766 2448 consilio
798 2374 844 2448 uti
874 2374 991 2448 voluit.
1028 2374 1139 2447 Cuius
1168 2374 1255 2447 filius
1286 2373 1408 2449 unicus

554 2490 744 2565 worardus
767 2491 967 2586 Nogarola⁶
991 2489 1141 2586 paternis
1158 2489 1309 2588 vestigiis
1327 2490 1409 2565 insi·

553 2624 647 2680 stens
664 2606 803 2680 summis
822 2605 1034 2703 principibus
1051 2605 1230 2703 perutilem
1250 2604 1410 2702 praestitit

554 2746 696 2819 operam
723 2745 802 2794 cum
829 2720 1057 2818 legationibus
1091 2720 1242 2817 plurimis
1275 2744 1407 2795 summa

555 2862 632 2910 cum
644 2835 713 2909 fide
723 2852 759 2909 et
769 2837 930 2909 facultate
940 2836 1076 2908 functus
1085 2851 1148 2923 est,
1164 2859 1278 2933 neque
1291 2851 1407 2910 tamen

556 2952 588 3024 in
615 2951 667 3025 his
693 2951 840 3048 negotiis
857 2975 940 3024 sane
961 2948 1166 3047 gravissimis
1183 2950 1407 3046 eloquentiae,

554 3067 738 3140 litterarum
765 3082 801 3139 et
826 3065 1015 3163 praesertim
1041 3065 1240 3161 linguarum,
1263 3089 1407 3163 quarum

555 3181 777 3279 peritissimus
812 3182 1019 3270 habebatur,
1055 3179 1202 3254 studium
1243 3181 1404 3278 neglexit

554 3301 669 3395 Atque
686 3296 813 3370 eodem
833 3297 905 3370 lere
919 3313 1077 3393 tempore
1096 3295 1324 3369 inclaruerunt
1338 3313 1408 3371 tres

556 3413 675 3486 fratres
686 3414 876 3510 Nogarolae
889 3410 1088 3500 Alexander,
1099 3410 1292 3499 ludovicus,
1303 3415 1408 3485 Fran·

555 3526 668 3618 circus,
695 3527 752 3600 filii
783 3526 939 3602 Galeotti
969 3525 1106 3624 equitis,
1133 3526 1191 3626 qui
1221 3528 1325 3601 lsotae
1362 3551 1407 3601 ex
