2850 4694
721 584 755 643 m

311 751 401 827 haud
419 751 585 826 mediocri
610 752 719 851 gloria
737 754 1001 850 congratulabor
1019 752 1163 825 maiora-

311 893 380 966 que
407 870 552 966 trophea
576 891 678 964 quam
709 869 896 940 Herculem
920 885 955 940 et
985 869 1160 941 Theseum

311 983 358 1058 de
390 982 557 1081 superatis
590 982 817 1055 Amazonibus
851 999 1046 1079 reportasse
1081 982 1160 1054 mihi

311 1097 540 1198 persuadebo.
561 1096 748 1194 Reliquum
766 1115 830 1188 est,
844 1097 924 1171 dum
944 1123 965 1171 a
981 1097 1080 1171 vobis
1093 1096 1162 1170 dis-

285 1214 492 1304 tcedebam,
522 1238 595 1287 sum
630 1212 831 1286 recordatus
864 1213 1161 1312 generosissimam

311 1346 456 1404 vestram
476 1344 629 1418 matrem,
645 1328 820 1403 mulierem
840 1328 1124 1417 humanissimam,
1142 1354 1163 1401 a

312 1462 450 1519 metum
470 1444 620 1543 petiisse.
638 1445 666 1519 si
685 1443 767 1542 quid
780 1445 900 1519 studiis
912 1444 1031 1519 vestris
1046 1444 1163 1517 sructi-

312 1561 420 1634 ferum
448 1562 622 1651 haberem,
648 1586 710 1635 vos
735 1587 805 1661 ego
827 1561 1012 1659 participes
1038 1561 1162 1634 redde·

312 1701 395 1750 rem.
423 1676 460 1750 ld
479 1676 567 1750 sorte
593 1676 686 1751 venit
703 1677 736 1750 in
763 1694 924 1766 mentem,
948 1676 1161 1749 Lactantium

270 1823 300 1859 ιο
313 1791 458 1881 mittere,
477 1817 547 1890 quo
566 1792 646 1865 nihil
672 1793 770 1866 vobis
792 1792 860 1866 dici
880 1809 998 1889 posset
1023 1817 1163 1866 accom-

313 1906 492 1982 modatius.
525 1911 636 2006 lpsum
667 1907 825 1981 dominus
858 1907 1025 1981 Antonius
1055 1908 1161 1980 affert.

312 2023 492 2114 Videbitis,
522 2048 623 2121 quam
655 2024 687 2096 in
717 2049 762 2097 eo
788 2024 830 2097 sit
855 2026 994 2121 elegans
1025 2024 1163 2097 dicendi

313 2139 474 2213 facundia
507 2164 680 2236 quamque
719 2139 984 2236 uniuscuiusque
1019 2139 1164 2212 Christi·

313 2253 490 2328 anissimus
507 2254 638 2328 animus
656 2255 815 2352 religiosa
832 2255 911 2329 fidei
923 2272 1048 2329 nostrae
1062 2255 1164 2328 disci·

271 2401 297 2452 ις
314 2370 406 2468 plina
430 2370 582 2444 dilucide
609 2371 717 2468 possit
751 2370 935 2460 informari,
966 2370 1164 2444 informatus

313 2486 441 2584 augeri,
468 2504 588 2560 auctus
607 2512 689 2559 vero
707 2486 739 2559 in
758 2487 901 2561 Christo
928 2504 1046 2560 nostro
1063 2487 1164 2560 virtu-

312 2619 383 2677 tum
401 2603 552 2676 omnium
569 2602 727 2676 vexillum
754 2605 927 2702 amplecti.
960 2605 1021 2677 lllo
1047 2602 1164 2700 quoad

313 2718 412 2792 vobis
429 2718 564 2792 libuerit
590 2743 653 2816 pro
677 2718 838 2792 arbitratu
864 2736 979 2792 vestro
1006 2717 1161 2802 utamini;

313 2859 369 2909 res
386 2859 480 2908 meas
505 2858 627 2908 omnes
652 2858 855 2908 communes
881 2832 1048 2929 deinceps
1064 2831 1163 2905 vobis

269 2978 301 3015 ιο
313 2949 482 3025 dedicavi.
498 2952 631 3024 Curate
643 2975 717 3040 vos,
732 2974 863 3046 quaeso,
878 2964 1005 3021 etcum
1020 2946 1162 3020 domino

314 3068 524 3164 lavagnola,
543 3083 579 3139 ut
597 3064 765 3139 Decades
791 3089 879 3139 meae
896 3063 929 3136 in
952 3086 1086 3137 manum
1104 3087 1163 3134 ve-

360 3320 394 3387 (1)
408 3330 451 3370 aut
467 3321 535 3371 codd.
576 3320 681 3369 nedicri
695 3321 722 3368 V.
767 3318 800 3384 (ὁ)
817 3319 850 3368 ab
868 3318 897 3367 G
933 3316 966 3379 (8)
984 3317 1113 3379 particeps
1131 3317 1160 3364 C.

312 3400 347 3467 (9)
372 3402 406 3464 in]
426 3402 458 3452 ml
485 3402 515 3451 C.
564 3400 612 3465 (ιο.
642 3398 679 3461 ιι)
698 3398 890 3449 accomodatius
916 3396 985 3447 codd.
1043 3394 1092 3460 (ιι)
1115 3399 1163 3443 An·

313 3481 415 3530 thonius
431 3482 458 3528 V.
493 3477 778 3545 (14.15)dlscipllneV.
812 3474 862 3538 (17)
875 3476 1025 3538 implectic
1061 3473 1163 3538 (19)c0-

313 3574 403 3611 munes
421 3561 451 3620 C,
474 3574 520 3609 om.
544 3561 570 3608 V.
611 3557 660 3622 (ιι)
685 3558 828 3620 Lavagnoln
849 3558 875 3605 V.
910 3570 951 3606 me
972 3559 998 3607 V.
