2850 4694
558 601 613 644 xlv

156 752 386 851 philosophiae
408 752 522 827 studio
540 752 801 852 procedendum
822 771 926 843 esset,
948 779 1013 852 op-

157 868 238 942 tima
271 868 415 943 consilia
449 868 723 943 continebantur.
757 873 851 969 Quae
883 871 1013 943 Laurus

156 982 325 1058 suadente
356 983 541 1058 Leonardo
574 987 753 1081 Nogarola
782 983 816 1057 id
847 984 1013 1082 temporis

158 1100 288 1174 Patavii
315 1100 547 1199 philosophiae
573 1125 715 1198 operam
739 1117 883 1173 navante
910 1104 1012 1175 lsotae

156 1214 265 1305 dedit,
299 1214 345 1289 de
379 1215 477 1289 cuius
512 1215 685 1313 praeclaris
722 1215 878 1289 laudibus
909 1218 1013 1290 multa

156 1331 221 1406 iam
256 1330 420 1405 audierat.
458 1331 611 1429 lnprimis
645 1348 861 1406 autemeam
897 1334 1012 1406 horta-

157 1463 220 1535 tur,
256 1463 292 1521 ut
326 1472 435 1521 novos
470 1446 672 1521 dialecticos
703 1447 818 1546 fugiat,
846 1447 903 1543 qui
937 1448 1012 1520 Ari-

155 1564 317 1636 stotelem
336 1563 457 1661 partim
476 1565 524 1636 ob
542 1563 709 1638 inscitiam
729 1563 914 1661 negligunt,
933 1587 1012 1661 par-

156 1676 214 1750 tim
234 1677 291 1750 ubi
309 1703 388 1752 eum
415 1679 640 1754 commentari
659 1696 789 1753 temere
807 1677 1012 1776 aggrediun-

157 1810 208 1866 tur
225 1795 432 1867 obumbrant
450 1794 563 1892 potius
585 1812 621 1867 et
647 1795 822 1891 implicant
840 1819 943 1890 quam
961 1796 1012 1868 lu-

156 1909 270 1983 cidum
298 1908 447 1983 reddunt
476 1927 512 1983 et
545 1910 728 2008 explicant.
769 1910 834 1984 l·lis
859 1910 1011 2008 explosis

156 2024 269 2122 potius
297 2025 410 2098 Boetii
438 2042 599 2100 tractatus
625 2051 748 2100 omnes
774 2051 862 2123 quos
879 2026 912 2098 in
938 2042 1011 2100 arte

155 2139 339 2214 dialectica
368 2141 522 2214 coniecit
547 2157 583 2214 et
612 2142 878 2216 commentarios
908 2144 1009 2238 legat,

156 2281 244 2352 quos
263 2255 295 2328 in
312 2256 504 2330 Aristotelis
530 2257 719 2354 Categoria
735 2273 772 2331 et
796 2257 917 2332 librum
942 2271 1012 2352 περὶ

155 2379 319 2469 ἑρμηνείας
343 2371 461 2445 edidit.
483 2375 613 2447 Postea
629 2398 713 2447 vero
731 2398 832 2469 quam
855 2371 1011 2446 dialecti-

155 2511 232 2560 cam
250 2486 484 2585 perdidicerit,
513 2488 705 2563 Aristotelis
734 2487 882 2562 Moralia
906 2512 1011 2562 accu-

156 2618 228 2676 rate
245 2605 347 2699 legat,
366 2602 517 2702 denique
534 2607 688 2678 absoluta
711 2629 755 2677 ea
779 2603 1010 2702 philosophiae

156 2734 264 2815 parte,
284 2744 364 2815 quae
391 2718 423 2792 in
451 2720 605 2794 humanis
622 2722 725 2794 rebus
742 2735 907 2809 versetur,
925 2721 1011 2793 alte·

156 2858 225 2907 ram
239 2834 470 2933 philosophiae
485 2852 616 2934 partem
630 2834 858 2932 aggrediatur,
872 2861 952 2933 quae
965 2859 1009 2908 ex

155 2948 342 3046 disciplinis
353 2951 612 3040 mathematicis,
626 2976 671 3025 ex
681 2950 901 3049 philosophia
915 2966 1010 3023 natu-

156 3064 214 3138 rali
224 3081 261 3138 et
269 3090 313 3138 ex
324 3066 558 3164 metaphysica
567 3082 714 3140 constet.
731 3065 840 3138 Cuius
855 3065 1008 3139 notitiam

156 3179 279 3278 spretis
307 3180 448 3254 noviciis
474 3181 538 3255 illis
560 3180 775 3279 philosophis
801 3205 886 3277 quas
907 3206 1010 3279 supra

155 3295 417 3393 significavimus
446 3322 489 3370 ex
515 3297 670 3370 Arabicis
696 3296 922 3393 philosophia,
950 3296 1009 3394 qui

157 3412 297 3509 propius
330 3412 374 3484 ad
409 3415 559 3486 Graecos
588 3412 771 3501 accedunt,
797 3436 841 3484 ex
866 3411 1007 3486 Averroi

155 3526 357 3626 praesertim,
371 3527 547 3604 Avicenna
563 3545 599 3602 et
610 3526 758 3627 Algazeli
777 3529 868 3601 lsota
884 3551 1009 3603 conse
