2850 4694
721 580 761 641 66

315 753 421 825 Nunc
453 767 530 826 orta
563 767 617 825 est
641 750 796 839 occasio,
824 767 860 825 ut
885 749 931 825 tui
959 752 1034 847 plus
1072 750 1165 847 apud

314 891 369 941 me
395 868 506 940 valeat
531 866 718 941 auctoritas
743 890 846 961 quam
877 864 1000 962 pudor,
1024 865 1166 961 quando

314 998 372 1056 tua
414 981 611 1055 laudatione
661 997 839 1079 permota,
883 1005 984 1077 quam
1036 979 1166 1054 virtuto

313 1122 402 1170 meae
445 1096 621 1195 praemium
665 1094 703 1192 (si
742 1120 811 1192 qua
844 1095 909 1191 est)
947 1120 1025 1170 esse
1059 1095 1164 1186 duem

288 1237 382 1291 tnon
410 1212 505 1310 potui
532 1238 601 1286 non
631 1211 788 1310 ingentes
813 1211 874 1284 tibi
899 1236 1003 1309 agere
1028 1212 1165 1309 gratias,

313 1352 521 1428 quamquam
548 1352 785 1425 quascumque
810 1353 879 1426 ego
901 1328 961 1401 tibi
988 1329 1164 1416 rettulero‚

314 1469 378 1542 pro
395 1444 461 1518 tuis
477 1443 510 1517 in
525 1468 581 1518 me
594 1443 721 1518 meritis
735 1468 854 1541 parum
867 1446 1040 1517 cumulate
1053 1444 1166 1542 egisse

312 1560 467 1636 videbor.
479 1560 601 1634 Tantis
614 1585 669 1633 me
682 1559 839 1635 laudibus
852 1558 989 1656 dignam
1003 1561 1165 1634 censuisti

313 1692 349 1750 et
373 1675 532 1774 singulari
559 1692 617 1750 tua
636 1675 847 1749 humanitate
877 1691 930 1748 tot
958 1676 1167 1750 ornamentis

272 1816 301 1852 ιο
314 1816 368 1864 me
387 1790 577 1880 cumulasti,
597 1808 633 1865 ut
641 1790 796 1889 ignorem
807 1816 887 1889 quae
897 1791 957 1865 tibi
973 1816 1053 1888 quae
1062 1790 1166 1888 digna
1215 1842 1218 1849 -

313 1906 359 1979 tui
374 1931 438 2004 pro
453 1906 609 1981 laudibus
622 1906 693 1981 istis
706 1907 848 2004 praemia
861 1931 965 2004 posse
979 1931 1055 1980 rear
1067 1908 1164 1981 solvi.

313 2025 398 2096 Sunt
423 2022 522 2119 igitur
546 2021 627 2095 divo
654 2025 728 2096 lesu
753 2021 874 2120 gratiae
899 2021 1044 2120 agendae
1063 2023 1167 2119 pluri·

314 2163 416 2228 mum,
447 2163 525 2212 cum
556 2138 635 2212 milri
665 2137 711 2211 ad
738 2137 879 2227 virtutis,
905 2137 949 2211 ad
980 2137 1164 2212 litterarum

312 2253 424 2328 studia
458 2269 492 2327 te
525 2253 659 2327 scilicet
692 2269 857 2328 aeternum
888 2256 1002 2327 lumen
1028 2256 1165 2328 allatum

271 2395 296 2446 1ι
312 2394 390 2443 esse
416 2392 637 2458 concernam‚
656 2394 727 2466 quo
750 2394 812 2442 nos
827 2369 1016 2467 gaudemus
1033 2387 1070 2443 et
1087 2372 1166 2444 haec

313 2484 443 2574 civitas,
474 2484 554 2603 dum
585 2484 660 2575 erit,
691 2485 869 2560 laetabitur.
905 2485 1078 2559 Admonet
1109 2513 1165 2560 me

361 2755 395 2820 (1)
412 2758 519 2807 ocoaxio
535 2757 563 2807 F.
597 2766 640 2806 aut
649 2758 685 2807 tui
695 2759 726 2807 R.
760 2766 822 2821 aput
834 2760 860 2807 Ρ.
880 2757 915 2822 (ι)
931 2772 1010 2820 quum
1019 2761 1046 2818 L,
1065 2762 1163 2820 cumR‚

312 2837 432 2897 quoniam
460 2837 488 2886 V.
532 2836 566 2900 (⁴)
587 2850 703 2899 promum
720 2839 747 2886 l..
785 2837 849 2887 duto
874 2838 904 2896 C,
929 2837 1032 2887 dicoL.
1068 2837 1165 2900 (sltibi

313 2931 362 2966 non
381 2916 429 2979 ing.
448 2918 480 2966 R.
516 2915 550 2981 (ό)
567 2930 697 2978 quamque
713 2919 740 2966 Ρ.
773 2931 896 2979 quassum
911 2920 938 2967 1..
973 2918 1115 2968 reddidero
1132 2921 1163 2979 C,

313 2999 427 3046 retulero
443 2998 493 3046 ΡΥ.
528 2995 562 3058 (7)
579 3010 645 3046 cum.
664 3011 753 3059 parum
771 2999 802 3046 R.
836 3002 967 3048 cumulare
985 3001 1013 3048 L.
1048 3001 1081 3062 (8)
1102 3000 1165 3049 indi-

312 3091 384 3140 gnam
412 3079 439 3125 V.
473 3075 508 3140 (9)
535 3085 578 3125 tua
603 3078 729 3125 humanite
754 3086 797 3125 tua
819 3086 857 3126 tot
880 3080 907 3127 L.
941 3087 1116 3127 ornamentum
1134 3081 1161 3128 F.

312 3155 362 3220 (ιο)
379 3170 445 3205 cum.
471 3164 498 3205 et
523 3157 664 3206 honoribus
688 3159 737 3205 tuis
758 3158 827 3207 adeo
852 3160 1018 3208 cohonestata
1043 3161 1110 3208 evasi
1137 3170 1165 3209 ut

311 3238 427 3300 ignorem
449 3238 532 3286 istibi
555 3239 581 3286 L.
617 3238 667 3300 (11)
691 3246 735 3287 tua
757 3239 784 3298 F,
811 3239 861 3288 tuis
883 3241 916 3289 R.
950 3241 1000 3301 (ιι)
1024 3242 1105 3302 yhesu
1131 3241 1161 3300 C,

310 3332 374 3382 yesu
402 3319 433 3366 R.
477 3317 578 3380 ugende
605 3318 685 3381 gratie
713 3319 745 3366 R.
789 3321 855 3381 plur.
883 3333 929 3368 om.
958 3322 984 3368 P.
1020 3321 1069 3384 (ιι)
1086 3335 1163 3382 quam

311 3399 339 3457 F,
369 3411 423 3459 quo
448 3395 600 3462 (quodllR
635 3398 756 3447 michiC.
787 3398 1006 3449 adtritumue.
1040 3399 1164 3463 (15)con·

311 3489 412 3525 cervam
437 3477 467 3541 (ἒ)
489 3477 516 3525 Ρ.
573 3477 609 3539 et]
638 3485 665 3526 ut
692 3477 716 3527 C
742 3478 774 3541 (ιι
797 3477 851 3542 Ll).
886 3479 926 3544 (ιό
962 3479 1083 3529 admovet
1108 3481 1161 3533 CF.

311 3569 344 3609 ne
364 3557 392 3612 V.
