2850 4694
571 632 626 703 ¹39

172 794 232 867 das
244 795 324 866 mihi
336 793 585 868 tradidisset-
598 796 728 869 luerant
743 796 844 869 etiam
863 820 941 868 cum
960 795 1022 871 illis

171 910 313 984 aliorum
341 911 488 1007 alligatae
515 913 688 984 nonnullae
706 955 750 964 —
773 930 809 984 et
828 937 895 985 uno
926 912 1022 1009 quasi

171 1043 313 1124 aspectu
341 1030 585 1125 pervolassem,
607 1027 657 1101 sic
679 1028 760 1100 mihi
778 1046 814 1101 et
832 1028 956 1125 ingenii
975 1027 1022 1100 tui

172 1143 275 1240 copia
292 1159 327 1217 et
352 1143 517 1217 orationis
543 1168 621 1216 cum
648 1146 747 1216 color
771 1168 849 1216 cum
877 1143 1022 1241 dignitas

171 1284 249 1333 sese
266 1275 302 1332 et
319 1260 471 1332 ostendit
487 1277 524 1333 et
541 1260 684 1356 aperuit,
705 1277 739 1332 ut
757 1285 810 1333 res
829 1260 901 1357 ipsa
918 1262 1022 1357 longe
1055 1288 1064 1339 ι

171 1376 370 1473 opinionem
388 1392 424 1450 et
450 1376 573 1450 lamam
599 1375 745 1449 anteiret
769 1392 805 1448 et
830 1402 910 1472 quae
927 1376 1023 1449 vide-

172 1508 288 1565 rentur
321 1516 424 1588 quam
459 1517 539 1587 quae
572 1491 688 1565 auditu
723 1515 885 1588 ceperam
916 1494 1022 1565 multo

171 1624 286 1681 essent
304 1608 469 1705 digniora
490 1609 570 1680 Erat
583 1608 673 1680 enim
692 1608 805 1681 oratio
819 1634 887 1681 non
903 1609 1021 1698 fracta,

172 1748 240 1797 non
266 1724 447 1814 accersita,
469 1723 532 1796 sed
559 1723 690 1820 integra
708 1741 743 1796 et
761 1748 845 1820 pura
862 1742 897 1797 et
915 1725 1023 1821 qualis

171 1841 215 1912 ab
240 1864 286 1913 eo
312 1839 370 1936 qui
390 1865 459 1912 non
477 1839 578 1912 anxie
603 1841 762 1936 loquatur
786 1840 934 1937 spectari
961 1840 1023 1915 de·
1040 1865 1069 1902 10

170 1956 269 2044 beat;
297 1972 423 2029 tantam
442 1954 544 2028 etiam
572 1955 768 2028 facilitatem
787 1980 860 2052 prae
877 1980 916 2029 se
934 1956 1023 2029 sere·

171 2072 239 2160 bat,
271 2087 307 2144 ut
335 2070 390 2142 vix
421 2086 488 2142 tam
521 2072 624 2144 multa
649 2072 694 2143 ab
720 2071 771 2144 his
797 2071 855 2167 qui
883 2073 1022 2144 multum

169 2203 273 2259 aetate
299 2186 471 2283 progressi
498 2185 611 2259 lorent
641 2203 676 2259 et
694 2186 825 2284 percipi
852 2204 888 2260 et
913 2187 1022 2260 teneri

171 2327 275 2401 posse
305 2302 496 2375 crederem.
529 2300 598 2374 Sed
625 2325 702 2374 curn
721 2302 885 2375 orationis
914 2326 1023 2399 genus

171 2418 317 2492 maxime
347 2419 530 2515 probarem
570 2435 606 2490 et
636 2435 696 2490 tuo
727 2417 808 2490 item
837 2420 1024 2514 gratularer
1039 2442 1065 2495 ιι

171 2534 320 2631 ingenio,
347 2533 443 2630 quod
461 2533 541 2606 mihi
560 2550 618 2606 aut
639 2533 753 2606 oneris
779 2549 837 2606 aut
855 2534 1023 2608 molestiae

170 2649 392 2741 conciverim,
435 2674 519 2723 sane
552 2649 621 2722 dici
657 2674 725 2722 non
760 2665 885 2746 potest.
932 2651 1023 2723 Nam

217 2968 251 3029 (1)
262 2967 398 3016 tradidisse
407 2967 437 3016 <2
461 2965 494 3029 (1.
508 2968 532 3030 ι)
544 2968 643 3016 fuerant
652 2975 678 3015 et
688 2968 734 3016 illis
744 2969 861 3016 alliorum
875 2969 902 3015 V.
938 2967 972 3031 (ι)
984 2981 1024 3016 re·

169 3057 260 3108 spectu
282 3047 309 3096 V.
352 3049 528 3108 pervolassent
554 3047 583 3095 G
624 3047 655 3095 sit
681 3048 719 3096 Μ.
754 3057 780 3094 et
796 3060 842 3095 orn.
865 3049 892 3094 V.
927 3046 961 3110 (4)
982 3061 1020 3096 or.

169 3129 294 3176 concolor
317 3139 339 3175 c.
359 3126 384 3174 d.
411 3127 443 3174 G.
494 3126 527 3189 (ς)
545 3140 604 3174 sese
621 3127 658 3175 sic
685 3134 733 3174 ost.
767 3128 794 3173 V.
844 3127 963 3188 apperuit
991 3127 1021 3177 G

170 3206 239 3269 (6.7)
257 3207 306 3255 vid.
326 3220 430 3268 quaque
447 3206 505 3254 aud.
526 3207 555 3255 C.
591 3206 624 3269 (7)
643 3219 813 3268 perceperam
834 3207 897 3256 GM.
932 3206 966 3269 (9)
982 3215 1023 3255 set

170 3289 227 3336 GV.
262 3286 311 3348 (ιο.
333 3288 371 3350 ιι)
388 3286 510 3345 debebat,
530 3295 547 3334 t.
567 3295 592 3334 et
610 3286 657 3335 lac.
676 3286 706 3335 C.
741 3285 788 3347 (ιι.
808 3286 1024 3348 miserebantur

178 3374 237 3415 uxta
253 3381 284 3414 nr.
305 3368 369 3416 GM.
404 3365 454 3429 (ιι)
472 3367 519 3414 hiis
535 3367 592 3415 CG.
627 3367 742 3426 multum]
757 3367 831 3415 nichil
844 3367 904 3421 CM.
919 3367 978 3415 nihil
988 3368 1021 3416 G.

170 3445 220 3510 (ις)
232 3448 336 3495 maxima
348 3448 385 3496 M.
420 3447 471 3510 (16)
488 3447 549 3507 quid
565 3447 595 3496 C.
621 3447 762 3495 honerisv.
790 3448 859 3495 etG‚
889 3446 1023 3509 (ancone-

168 3527 247 3575 verim
265 3527 295 3585 C,
314 3527 471 3576 concinerim
483 3527 521 3586 M,
540 3527 692 3575 contiuerim
714 3527 741 3575 Υ.
775 3526 826 3575 dici
839 3540 901 3575 sane
914 3527 965 3576 dici
983 3528 1021 3588 Μ,

168 3606 219 3655 dici
235 3619 297 3655 sane
322 3607 349 3655 Υ.
