2850 4694
714 634 769 677 100

311 787 362 877 rit,
390 786 452 861 nisi
477 811 598 861 eorum
624 786 775 861 insolens
803 785 986 884 elegantia,
1012 785 1162 860 divinum

310 903 384 977 eius
422 901 606 1000 ingenium,
643 903 744 976 melle
778 901 914 976 dulcior
950 903 1164 999 superfluens

310 1018 422 1093 oratio
455 1035 491 1092 et
526 1018 654 1117 ubique
686 1018 791 1091 virtus
828 1022 1021 1116 exoptata?
1064 1016 1163 1119 Quid

309 1135 458 1233 Appium
485 1136 644 1225 Caecum,
671 1134 768 1207 cuius
784 1150 820 1207 et
841 1134 928 1208 caeci
955 1151 1049 1208 tenta
1069 1132 1162 1208 domi

284 1277 295 1330 t
311 1250 465 1348 forisque
482 1252 637 1350 pollebat
653 1250 850 1340 auctoritas,
861 1265 898 1323 ut
906 1250 1046 1323 domum
1068 1274 1163 1323 suum

312 1383 408 1442 recte
437 1367 555 1440 videre
589 1366 783 1464 perfecerit,
823 1364 903 1439 hinc
944 1389 1063 1440 servos
1092 1390 1164 1439 me·

312 1499 421 1572 tuere,
440 1481 521 1554 hinc
546 1481 634 1555 filios
660 1481 769 1554 vereri
795 1481 892 1555 senili
909 1480 1067 1578 coegerit
1082 1505 1166 1555 auc-

313 1598 632 1673 toritateiTantum
642 1597 733 1671 enim
744 1597 944 1672 ineovirtus
953 1597 1163 1672 attribuerat

313 1713 411 1815 Quid
428 1712 525 1812 quod
538 1712 714 1810 Virgilium
727 1729 764 1787 et
782 1698 924 1786 Ennium
942 1729 1036 1787 tantu
1053 1715 1165 1787 hono·

270 1859 299 1896 ιο
312 1829 357 1903 ris
386 1829 569 1903 decorarat
598 1828 775 1926 dignitate,
807 1845 843 1901 ut
871 1853 991 1901 eorum
1021 1830 1164 1903 aiterum

312 1944 345 2017 in
372 1945 522 2041 ipsorum
548 1946 710 2042 sepulcro
740 1967 935 2017 marmoreo
964 1943 1164 2018 defunctum

313 2060 417 2134 condi
435 2060 617 2157 Scipiones
634 2059 872 2134 constituerint
892 2060 1040 2134 divinum
1059 2085 1166 2159 prop

313 2192 365 2250 ter
398 2176 472 2250 eius
505 2175 700 2274 ingenium,
742 2177 884 2249 aiterum
922 2201 1006 2249 vero
1040 2177 1167 2251 rustice

313 2292 419 2389 stirpe
461 2282 676 2390 progenitum
712 2290 757 2365 ad
791 2316 957 2365 summum
993 2294 1166 2366 Romame

271 2438 297 2491 ις
313 2406 485 2503 dignitatis
510 2423 547 2480 et
566 2406 777 2503 eloquentiae
799 2408 935 2480 culmen
961 2423 1164 2503 provectum

313 2547 391 2597 esse
425 2540 573 2611 constet,
611 2522 887 2618 cantandamque
927 2525 1164 2596 Romanorum

314 2638 487 2711 historiam
505 2637 630 2711 ceteris
646 2637 777 2712 aemulis
789 2637 985 2734 ademptum
1005 2637 1166 2714 habuisse

313 2752 481 2850 legimus?
515 2754 654 2855 Quibus
683 2778 728 2828 ex
757 2755 860 2828 rebus
886 2753 995 2852 ipsum
1021 2779 1165 2851 quoque

315 2868 478 2943 bucolico
504 2869 655 2944 carmine
686 2870 755 2944 hoc
785 2869 878 2944 idem
907 2885 1090 2943 testantem
1116 2868 1165 2942 vi·

271 3019 301 3055 20
314 2984 457 3059 demus:

362 3196 394 3258 (1.
414 3198 437 3259 ι)
463 3197 519 3247 eius
542 3196 653 3245 divinum
677 3197 706 3247 C.
741 3196 774 3258 (π)
799 3196 929 3258 perfluens
958 3197 985 3244 V.
1027 3196 1061 3259 (4)
1086 3198 1160 3258 caeci]

314 3277 385 3340 greci
413 3278 440 3325 V.
499 3276 531 3339 (4
557 3278 577 3339 ς)
606 3277 653 3325 sori
684 3277 807 3338 domique
832 3276 862 3335 (λ
895 3276 963 3325 domi
986 3277 1108 3337 florisque
1136 3279 1163 3325 V.

314 3355 427 3418 (8)tuntu
444 3357 474 3407 C.
507 3357 654 3406 attribuerit
666 3359 692 3405 V.
727 3356 906 3420 (oiQuidquia
918 3358 945 3415 V,
963 3370 1114 3418 quamquam
1132 3359 1163 3408 C

315 3435 365 3499 (ro)
379 3436 488 3487 decoret
505 3437 535 3487 G
576 3437 626 3501 (υ)
647 3437 809 3486 constituerit
830 3439 856 3485 V.
898 3436 946 3498 (ιι.
968 3438 1005 3500 ¹³)
1030 3451 1114 3499 prope
1135 3441 1163 3485 v.

314 3515 364 3578 (¹⁴)
381 3531 479 3564 sumum
501 3518 527 3565 V.
573 3517 621 3579 (17)
647 3517 709 3578 hyst.
734 3518 801 3565 ceris
825 3518 856 3577 C,
905 3518 994 3577 emulis
1018 3517 1050 3566 ed
1074 3520 1165 3569 emulis

314 3596 355 3647 ad.
379 3598 405 3652 V,
430 3596 552 3658 udeptum
570 3596 600 3645 t:
618 3595 766 3646 adhibuisse
779 3596 808 3646 C
