2850 4694
849 598 887 658 26

443 794 511 841 non
538 768 645 844 modo
675 768 726 842 his
751 768 915 842 delectari
947 768 1141 866 eademque
1166 792 1291 866 sugere

442 886 689 983 praeoptabam,
716 884 778 958 sed
804 884 860 958 illa
886 883 1037 980 undique
1067 883 1209 981 ingeniis
1229 909 1301 958 ex-.

441 1001 611 1073 colebam.
642 1002 725 1073 Hoc
743 999 833 1072 enim
851 998 973 1074 litterae
991 1001 1120 1072 habent
1136 998 1169 1071 in
1187 1024 1236 1090 se,
1256 1018 1293 1073 ut

441 1116 534 1188 nullo
560 1117 642 1188 loco
670 1139 736 1188 nec
762 1114 935 1210 quibusvis
961 1139 1000 1187 se
1017 1114 1213 1204 excludant,
1231 1115 1292 1188 ali-

416 1232 582 1330 squando
610 1232 817 1305 amatoribus
846 1231 914 1306 suis
940 1230 1228 1328 perblandiantur,
1256 1247 1293 1304 et

441 1367 603 1447 quantum
631 1348 712 1422 inde
738 1348 970 1445 unusquisque
996 1347 1129 1421 haurire
1156 1348 1291 1437 nitatur,

441 1481 569 1540 tantum
596 1464 686 1537 illum
705 1481 874 1537 exornent
891 1488 971 1537 vera
993 1464 1189 1538 laudatione
1207 1489 1293 1537 eun-

441 1578 521 1653 dem
551 1596 587 1652 et
620 1596 727 1651 totum
764 1579 929 1652 illustrent
962 1597 1067 1676 atque
1100 1604 1163 1653 eos
1196 1580 1292 1653 solos

441 1694 644 1793 despiciant,
679 1694 736 1791 qui
770 1694 861 1767 adeo
904 1694 1074 1792 ingenium
1118 1693 1293 1792 produxe·

399 1833 428 1871 10
442 1827 518 1885 runt
555 1811 675 1900 inerte,
714 1826 750 1882 ut
779 1809 886 1883 mellis
919 1809 1138 1884 dulcedinem
1173 1812 1293 1884 horre·

441 1943 549 2015 scant,
568 1950 713 2023 quorum
744 1925 857 2021 lingua
881 1925 926 1999 ad
944 1925 1137 2001 huiusmodi
1154 1943 1291 2024 gustum

442 2044 557 2141 palato
575 2041 621 2113 ita
637 2040 838 2137 degenerat,
858 2056 893 2112 ut
911 2065 979 2113 non
1002 2040 1109 2115 modo
1130 2040 1292 2138 ignoran-

442 2156 500 2230 tiae
526 2156 649 2228 morbo
675 2156 742 2227 mel
761 2154 841 2228 illud
866 2179 1016 2228 amarum
1034 2155 1200 2246 videatur,
1226 2155 1291 2230 sed

442 2272 500 2346 tali
529 2296 654 2368 sapore
689 2288 860 2367 tamquam
890 2271 1085 2369 sputatilico
1115 2296 1177 2345 ora
1206 2295 1293 2345 con·

402 2412 427 2465 15
443 2404 636 2484 torqueant.
663 2389 789 2459 Verum
817 2387 943 2459 lactum
969 2406 1023 2462 est
1048 2387 1099 2461 his
1129 2387 1293 2484 proximis

443 2502 576 2593 diebus,
607 2518 643 2574 ut
672 2526 733 2574 vos
763 2501 866 2574 menti
896 2527 984 2576 meae
1017 2527 1148 2575 summa
1181 2519 1294 2576 vestra

444 2642 521 2693 cum
546 2617 656 2715 gloria
681 2640 890 2689 revocarem.
919 2620 1046 2691 lveram
1073 2617 1163 2690 lorte
1187 2617 1221 2689 in
1240 2617 1256 2689 l
1278 2657 1294 2670 -

444 2759 516 2807 rum
534 2733 720 2830 publicum,
746 2733 842 2830 quod
866 2750 947 2806 ante
972 2733 1145 2808 basilicam
1172 2735 1294 2807 summi

492 3016 526 3082 (ι)
544 3016 654 3067 hiisCG.
683 3015 841 3077 eademque
852 3018 879 3065 V.
906 3016 1062 3080 lugereGV.
1096 3016 1131 3081 (ι)
1143 3025 1246 3079 peropt.
1259 3018 1293 3068 G.

445 3096 478 3161 (ι.
498 3098 520 3161 3)
537 3098 703 3147 excurrebam
720 3097 787 3146 codd.
822 3096 856 3161 (3)
879 3097 902 3145 in
925 3112 954 3147 sc
980 3098 1073 3147 habent
1094 3099 1120 3146 V.
1155 3100 1187 3161 (4
1211 3097 1233 3162 ς)
1252 3100 1296 3147 uli·

446 3191 521 3240 quam
543 3175 572 3241 (l)
593 3177 622 3235 Q
647 3178 709 3224 av.
750 3175 923 3240 (5Jperband.
943 3178 972 3227 C.
1007 3178 1147 3240 (oldisplc.
1170 3179 1197 3226 V.
1236 3192 1296 3240 pro

446 3255 563 3306 duxerint
581 3256 611 3304 C.
645 3255 695 3319 (ιο)
710 3257 733 3303 in
750 3265 805 3304 arte
821 3257 851 3304 C.
893 3265 965 3304 etm.
986 3258 1015 3317 C,
1042 3267 1068 3306 ut
1085 3260 1174 3306 molles
1192 3258 1225 3306 G.
1252 3259 1296 3305 luo·

447 3349 512 3385 resc
524 3335 554 3384 C.
587 3334 637 3397 (ιι)
646 3344 745 3398 gestum
755 3333 850 3385 CctM
857 3338 912 3385 unte
922 3337 1124 3399 corr.,digestum
1133 3338 1166 3386 G.
1184 3336 1297 3400 (rzlpal-

454 3423 498 3464 ato
515 3415 545 3464 G
586 3413 635 3477 (η)
651 3414 787 3464 videbatur
799 3417 832 3464 G.
866 3415 915 3479 (14)
931 3417 1071 3479 putatillico
1083 3417 1120 3476 M,
1144 3417 1296 3478 sputalicio?

447 3495 496 3557 (14.
516 3494 554 3558 ις)
577 3502 714 3555 torqueant
737 3497 770 3545 G.
811 3495 861 3559 (ις)
884 3497 930 3545 hiis
955 3496 1012 3545 CG.
1046 3495 1096 3559 (17)
1119 3509 1242 3545 revocare
1264 3496 1294 3546 C

447 3576 544 3622 lucram
562 3575 589 3623 V.
628 3575 676 3637 (17.
697 3576 915 3636 rsslinlocurup.
936 3575 999 3623 GM.
1041 3573 1091 3636 (ιθ)
1108 3575 1179 3637 quod
1196 3588 1241 3625 cm.
1260 3577 1300 3639 G.¹
