2850 4694
571 611 624 659 tut

170 766 273 858 ribus,
312 769 476 843 loannem
510 767 723 865 Naugerium
757 768 874 843 tertias
909 786 1024 867 partes

168 906 284 981 agere,
319 906 423 981 quem
457 906 487 956 a.
530 903 615 985 ¹425
654 885 807 958 Veronae
841 901 1023 982 praeturam

167 999 316 1097 gessisse
337 1015 484 1073 constat
514 998 685 1097 Dialogus
710 1017 824 1074 autem
851 998 886 1073 in
907 1017 1024 1075 castro

167 1114 289 1188 Azzani
319 1113 410 1189 haud
440 1116 562 1212 procul
592 1139 614 1189 a
650 1102 791 1190 Verona
818 1115 886 1189 sito
917 1118 1024 1190 habe·

169 1246 233 1320 tur,
267 1229 365 1305 cuius
395 1232 486 1305 nulla
512 1231 545 1303 in
571 1233 673 1305 lsotae
703 1230 855 1329 dialogo,
885 1232 1023 1328 qualem

168 1370 190 1419 e
207 1345 300 1419 libris
318 1346 556 1445 manuscriptis
573 1347 740 1437 novimus,
763 1347 892 1421 mentio
917 1363 1022 1421 extat.

169 1463 205 1534 ln
231 1485 269 1536 re
296 1460 370 1560 ipsa
394 1478 507 1536 autem
533 1461 589 1534 vix
614 1462 802 1561 quidquam
819 1461 1024 1537 discriminis

169 1577 257 1651 inter
282 1593 460 1675 utramque
491 1575 619 1675 dialogi
650 1578 890 1652 recensionem
921 1577 1024 1651 inter-

168 1690 283 1783 cedit,
317 1708 518 1790 argumenta
547 1692 639 1766 enim
673 1718 754 1791 quae
783 1695 828 1767 ab
862 1696 953 1768 lsota
987 1709 1024 1768 et

171 1811 370 1883 Fuscareno
396 1810 530 1905 prolata
555 1833 634 1882 esse
659 1833 762 1906 supra
787 1807 931 1883 vidimus
956 1809 1024 1883 eis-

168 1922 249 1998 dem
284 1924 358 1998 lere
387 1923 501 1999 verbis
530 1925 646 1998 omnia
674 1924 778 1999 etiam
805 1924 837 1997 in
868 1924 1023 1999 editione

168 2039 293 2115 Aldina
320 2064 486 2138 expressa
515 2040 738 2115 inveniuntur.
766 2043 881 2115 Unum
908 2058 1023 2116 tamen

169 2154 266 2253 quod
307 2179 387 2230 cum
421 2154 524 2230 laude
557 2155 846 2231 animadvertatur
883 2156 1023 2255 dignum

169 2285 233 2360 est,
271 2271 392 2345 iustam
434 2272 715 2362 conclusionem,
759 2297 828 2371 qua
871 2272 903 2345 in
945 2297 1024 2370 ger·

170 2410 270 2460 mana
286 2384 413 2484 dialogi
431 2385 585 2462 editione
602 2412 724 2461 omnes
749 2388 808 2486 qui
835 2388 869 2460 in
894 2387 1024 2462 subtili·

169 2502 232 2576 bus
249 2500 509 2577 dialecticorum
528 2504 842 2602 theologorumque
860 2504 1024 2604 quaestio-

169 2617 268 2692 nibus
293 2616 403 2692 minus
425 2613 550 2693 versati
575 2634 654 2693 sunt
677 2644 771 2716 tegre
797 2637 928 2709 carent,
954 2644 1024 2693 non

168 2731 293 2807 deesse
311 2732 343 2806 in
361 2732 516 2808 editione
531 2732 666 2825 Aldina,
685 2734 717 2808 in
744 2759 813 2830 qua
834 2759 878 2809 ne
902 2758 1025 2810 omnes

169 2866 332 2946 quantum
341 2848 550 2946 argumentis
559 2849 716 2948 utrinque
726 2850 1024 2948 prolatistribuen-

168 2963 250 3039 dum
285 2982 379 3039 esset
417 2964 622 3063 ignorarent,
658 2968 802 3041 loannes
829 2967 1024 3064 Naugerius

169 3081 236 3155 hac
270 3080 496 3156 conclusione
520 3081 655 3156 effecit:
688 3081 880 3156 rDicemus
906 3082 1023 3181 itaque

169 3214 353 3294 peccatum
370 3195 458 3270 ndae
474 3195 664 3271 secundum
679 3221 838 3295 personae
851 3197 1023 3272 conditio-

170 3336 248 3386 nem
267 3311 371 3386 luisse
386 3311 521 3410 gravius
539 3313 621 3386 Evae
638 3330 800 3410 peccato,
819 3313 900 3411 quia
912 3312 1022 3404 Adam

168 3442 243 3500 erat
260 3426 465 3524 perfectior:
484 3425 674 3501 seeundum
695 3452 780 3503 vero
803 3452 914 3526 genus
939 3452 1023 3526 pec·

169 3540 239 3614 cati
257 3541 360 3616 luisse
376 3543 524 3640 aequale,
541 3542 622 3641 quia
638 3542 814 3642 utriusque
839 3560 1023 3641 peccatum
