2850 4694
655 602 753 652 mill

274 760 391 857 Burgo
424 759 557 858 optimo
590 785 745 834 sororum
780 759 893 833 amico
929 776 964 833 ut
989 757 1034 833 ad
1065 783 1125 834 eas

271 874 439 948 scriberet
456 874 583 973 impelli
598 901 665 949 non
676 875 797 973 potuit
810 874 991 950 Scribendi
1008 891 1123 948 autem

271 990 493 1064 occasionem
509 991 635 1089 nuptiae
654 990 686 1063 in
707 992 886 1087 Nogarola
904 989 1028 1064 familia
1045 1013 1125 1087 pro·

272 1105 362 1178 xime
381 1103 512 1195 luturae,
532 1105 756 1204 probabiliter
772 1131 826 1180 eae
845 1131 924 1203 quae
937 1107 1125 1179 Zeneverae

271 1244 349 1293 cum
365 1219 534 1294 Brunorio
553 1222 731 1294 Gambara
749 1220 853 1293 nobili
872 1220 944 1293 viro
962 1219 1125 1293 Brixiano

271 1335 491 1409 celebrandae
501 1347 633 1408 erant⁴¹
653 1335 685 1409 ei
704 1326 893 1434 praebuisse
901 1334 1068 1424 videntur,
1078 1334 1124 1408 de

271 1450 395 1547 quibus
420 1450 540 1524 litteris
558 1450 834 1548 carminibusque
855 1450 1031 1525 sororibus
1047 1475 1125 1549 gra·

272 1566 395 1639 tulatus
413 1583 477 1640 est.

320 1680 446 1754 Tobiae
466 1680 569 1777 Burgi
587 1682 783 1778 exemplum
801 1680 886 1755 alios
904 1681 1006 1755 etiam
1025 1697 1061 1754 ut
1073 1679 1118 1754 ad

271 1820 408 1869 sorores
434 1794 562 1868 litteras
587 1795 709 1869 darent
736 1796 875 1893 impulit.
908 1798 999 1869 Cum
1030 1796 1121 1869 enim

271 1912 375 2008 paulo
396 1928 477 2008 post
496 1910 651 1984 Venetiis
676 1927 958 2000 commoraretur,
979 1909 1124 1984 Nr'coluu

280 2024 411 2098 Veneno
444 2025 570 2114 amico,
596 2025 652 2098 cui
687 2024 831 2099 alfinitas
857 2024 1017 2123 quaedam
1043 2049 1122 2098 cum

273 2142 451 2237 Nogarola
473 2139 598 2214 familia
623 2140 857 2228 intercessit‚⁴²
882 2143 986 2214 multa
1003 2139 1048 2213 de
1066 2165 1123 2213 so-

271 2280 384 2328 rorum
403 2253 595 2354 prudentia,
606 2256 798 2344 honestate,
815 2254 984 2328 modestia
993 2278 1125 2328 summa

271 2394 350 2443 cum
377 2369 479 2444 laude
506 2371 660 2460 narravit,
687 2395 731 2443 ex
762 2368 885 2468 quibus
915 2371 970 2442 ille
997 2387 1125 2468 quanta

272 2510 387 2559 earum
422 2504 514 2559 esset
549 2486 662 2575 virtus,
698 2485 897 2575 humanitas,
938 2485 1123 2582 integritas,

271 2599 471 2699 eloquentia
501 2600 660 2675 facillime
686 2601 850 2698 cognovit
876 2600 1122 2698 sororibusque

271 2716 480 2814 significavit.
499 2719 614 2814 Atque
640 2716 742 2789 etiam
764 2715 923 2789 Antonius
942 2715 1124 2806 Cossutius,

272 2831 363 2906 haud
397 2831 673 2905 contemnendus
711 2831 894 2904 litterarum
932 2830 1124 2905 latinarum

275 2947 434 3021 Panormi
448 2947 634 3047 professor,
644 2957 672 3003 ⁴³
693 2946 810 3019 litteris
825 2949 928 3043 paulo
943 2963 1022 3044 post
1036 2945 1126 3019 redi-

273 3082 342 3136 tum
361 3088 404 3136 ex
415 3062 556 3137 Graecia
568 3065 646 3135 Kal.
666 3062 799 3135 Martiis
817 3087 846 3135 a.
870 3064 959 3157 1438
977 3088 998 3135 e
1018 3061 1126 3136 domo

272 3179 391 3252 lacobi
425 3179 571 3253 Cornari
614 3177 740 3251 assidui
776 3180 878 3251 lsotae
912 3177 1126 3252 admiratoris

273 3293 410 3390 scriptis
427 3293 554 3368 Tobiae
569 3294 673 3391 Burgi
688 3293 869 3392 epistolam
884 3292 930 3367 de
939 3296 1126 3369 Zeneverae

273 3412 447 3506 lsotaeque
477 3408 634 3482 laudibus
664 3409 837 3506 cognitam
870 3410 997 3482 habere
1024 3426 1104 3482 testr

274 3539 328 3597 tus
344 3539 407 3597 est
