2850 4694
218 745 366 819 iunctam
386 745 489 821 luisse
516 747 614 821 huius
639 746 787 846 epistola
804 771 907 844 quam
924 745 969 820 ad
990 770 1025 822 ot

217 861 353 958 scripsit
375 874 562 953 testatur,¹⁵
583 863 615 936 in
642 888 711 960 qua
737 864 898 936 nonnulla
922 860 968 935 de
993 860 1023 936 el

218 977 372 1051 laudibus
390 982 555 1077 leguntur.
569 982 655 1080 Quo
674 979 705 1051 in
723 1003 853 1076 genere
872 977 941 1050 noli
957 975 1023 1049 min

218 1091 302 1189 quid
331 1093 373 1167 sit
403 1094 498 1191 quod
526 1095 717 1191 nequiverit
743 1093 932 1167 invidorum
963 1097 1022 1166 ma

217 1208 401 1283 dicentium
444 1210 606 1308 effugere.
652 1213 701 1283 Ex
744 1235 889 1308 quorum
926 1231 1022 1282 nume

220 1325 387 1399 Nicolaus
405 1325 450 1399 de
471 1326 602 1399 Facino
621 1327 744 1400 nobilis
762 1326 811 1397 vir
828 1323 1022 1398 Vicentinu·

217 1466 294 1515 eam
311 1441 463 1515 carmina
479 1467 543 1514 suo
562 1443 699 1515 nomine
712 1444 870 1539 evulgata
879 1440 952 1514 aliis
960 1440 1022 1513 scn'

218 1557 348 1631 toribus
373 1557 567 1631 suffuratam
594 1583 672 1631 esse
697 1558 890 1655 suspicatus
915 1572 978 1645 est,
1005 1579 1021 1629 a

217 1673 262 1745 ab
279 1674 411 1769 Angela
428 1698 506 1746 cum
525 1672 689 1770 dignitate
715 1673 863 1770 quadam
883 1672 1021 1769 reprehr

218 1813 275 1862 sus
301 1813 343 1862 ea
368 1813 448 1886 quae
466 1789 557 1887 prius
574 1789 707 1863 dixerat
727 1788 909 1862 revocavit.
939 1787 1020 1886 Neq

219 1919 332 1976 tamen
353 1904 520 1978 Nicolaus
538 1905 595 1978 hic
613 1905 809 1977 criminibus
828 1929 966 2001 prorsus
980 1902 1020 1976 lic

218 2021 383 2117 Angelum
418 2036 620 2117 persecutus
655 2037 717 2107 est,
753 2044 831 2092 cum
866 2035 1019 2092 centona

219 2132 431 2230 potissimum
446 2133 618 2208 scribendi
633 2160 762 2231 genere
772 2160 847 2207 eam
859 2133 1020 2207 delectati

219 2272 296 2322 esse
330 2266 366 2322 et
401 2249 581 2347 Philippus
618 2251 860 2348 Bergomensis
895 2247 1006 2322 tradat

219 2364 412 2438 carmenad
425 2364 664 2462 Pandulphum
677 2367 895 2439 Malatestam
906 2365 1018 2461 script

219 2478 364 2553 evincat.
392 2481 462 2555 Sed
489 2507 532 2555 ne
558 2481 604 2554 ita
625 2480 764 2580 quidem
792 2481 884 2579 parvi
913 2480 1013 2553 laciet

220 2610 274 2667 est
302 2596 433 2687 mulier,
464 2597 562 2671 cuius
587 2597 739 2670 carmina
763 2597 924 2694 apposite
950 2619 1011 2668 cor

220 2735 338 2784 eorum
365 2713 565 2810 opinionem
593 2712 703 2786 afferri
732 2732 885 2810 possunt,
909 2711 992 2809 qui‘

221 2826 385 2901 Gulielmi
429 2828 474 2902 de
510 2831 702 2926 Pastrengo
737 2828 964 2926 (1335—137

222 2944 365 3016 Guarini
382 2945 593 3019 Veronensis
611 2964 768 3042 tempora
781 2944 943 3017 litterarur

223 3083 338 3133 narum
356 3059 467 3133 studia
485 3064 635 3135 Veronae
655 3086 792 3158 prorsus
819 3063 919 3158 negle

223 3194 489 3272 conqueruntur,
501 3202 589 3273 quos
599 3179 652 3250 vel
665 3174 697 3248 id
709 3176 832 3249 erroris
845 3201 913 3272 argi

223 3291 281 3387 qui
315 3315 345 3364 a.
393 3311 476 3392 ¹4⁰5
527 3292 599 3364 urbi
643 3295 793 3365 Veronae
838 3316 916 3389 prae¹

223 3405 408 3480 litterarum
428 3406 656 3497 universitate,
675 3406 720 3480 de
738 3433 806 3504 qua
832 3432 898 3480 con

224 3538 293 3595 tum
324 3522 551 3619 cogitabatur,
584 3523 685 3596 etiam
716 3522 827 3596 studia
858 3525 877 3594 h
