2850 4694
831 554 864 608 to

419 718 547 795 artibus
566 720 774 810 factumest,
794 737 829 792 ut
846 737 882 792 et
899 720 968 793 deo
991 743 1090 793 carus
1107 736 1142 791 et
1161 718 1269 792 homi-

420 836 519 909 nibus
531 832 749 910 admirandus
762 835 898 908 existas.
914 838 1069 909 Summus
1078 835 1168 908 enim
1183 859 1270 932 pon-

422 952 504 1025 tifex
523 969 557 1025 te
574 968 677 1025 aetate
704 950 890 1025 admodum
918 951 1051 1024 iuvenili
1079 975 1142 1048 pro
1169 952 1270 1023 virtu-

421 1086 490 1141 tum
510 1086 640 1141 tuarum
667 1067 810 1165 praemio
831 1091 932 1140 sacro
958 1067 1269 1165 protonotariorum

395 1184 571 1281 scollegio
593 1199 849 1257 annumeratum
873 1208 951 1256 esse
972 1183 1087 1256 voluit.
1129 1184 1166 1255 Ο
1194 1183 1272 1256 insi-

419 1325 522 1398 gnem
542 1300 645 1373 nostri
665 1299 829 1396 temporis
845 1299 1007 1397 gloriam!
1041 1300 1078 1371 Ο
1098 1299 1271 1397 peculiare

422 1414 565 1489 civitatis
582 1415 802 1488 Venetiarum
821 1413 947 1487 decus!
977 1415 1014 1486 Ο
1042 1439 1116 1488 rara
1141 1414 1212 1487 avis
1239 1414 1271 1485 in

422 1531 519 1605 terris
529 1531 696 1628 nigroque
705 1530 872 1603 simillima
880 1531 1006 1629 cygno!
1022 1531 1148 1602 Verum
1160 1555 1203 1602 ne
1213 1529 1271 1601 tibi

421 1646 534 1722 verbis
552 1646 647 1736 meis,
665 1646 729 1719 etsi
755 1644 874 1719 laudes
893 1661 961 1719 tuae
986 1646 1186 1743 ampliorem
1210 1669 1273 1742 po-

381 1792 410 1829 ιο
422 1780 560 1838 scerent
589 1761 791 1848 orationem,
823 1761 960 1834 nimium
988 1764 1114 1858 loquax
1145 1760 1273 1851 videar,

424 1880 526 1952 finem
545 1877 624 1951 mihi
650 1875 823 1950 scribendi
850 1876 1035 1973 imponam,
1055 1902 1098 1951 ne
1116 1876 1149 1950 id
1167 1877 1200 1948 in
1219 1902 1274 1949 rne

424 1994 546 2068 merito
564 1992 632 2067 dici
651 1992 759 2090 possit
772 1991 866 2090 quod
881 1991 1017 2066 cuidam
1031 1991 1274 2091 loquacissimo

423 2110 563 2186 dicebat
580 2108 791 2197 Aristoteles,
810 2108 868 2206 qui
888 2133 965 2182 cum
984 2108 1017 2181 in
1036 2127 1167 2181 coetum
1186 2107 1275 2179 viro·
1296 2191 1303 2203 ,.

425 2250 496 2299 runt
514 2224 712 2314 accederet,
732 2224 917 2322 fugiebant,
937 2248 980 2296 ne
998 2225 1181 2296 verborum
1195 2248 1274 2296 suo

383 2366 497 2423 nrum
528 2338 635 2414 toedio
668 2339 897 2413 afficerentur.
936 2338 1030 2412 Huic
1065 2341 1132 2411 hac
1164 2338 1208 2411 de
1239 2364 1275 2410 re

425 2456 517 2554 apud
534 2455 752 2529 Aristotelem
767 2454 993 2551 conquerenti
1004 2454 1208 2528 Aristoteles
1227 2455 1275 2527 in-

473 2732 507 2798 (ι)
529 2740 613 2782 netum
639 2731 669 2781 C.
715 2745 790 2782 carus
812 2730 849 2796 (et
873 2730 931 2792 om.)
955 2732 1022 2779 hom.
1043 2732 1070 2779 V.
1105 2730 1138 2794 (ς)
1164 2731 1275 2791 iuvenili}

425 2812 526 2863 vivendi
544 2813 607 2862 GM.
639 2826 688 2874 pro
704 2813 791 2861 om.E.
826 2810 1020 2876 (4Jprothonot.
1035 2810 1091 2859 CG.
1127 2809 1274 2873 (5)rtdnum.

427 2895 456 2952 Ε,
479 2892 708 2951 annumeratum,
726 2891 864 2940 anunm.
909 2889 944 2953 (7)
956 2891 1093 2938 Ventorum
1114 2889 1143 2938 C.
1178 2890 1212 2952 (8)
1240 2892 1273 2938 si-

427 2973 518 3023 milimn
534 2974 572 3022 Μ.
606 2973 681 3036 cigno
696 2971 753 3021 CG.
788 2986 820 3020 ne
837 2972 893 3033 tibi]
909 2972 992 3020 neutri
1010 2971 1041 3020 C.
1075 2972 1110 3035 (9)
1126 2973 1185 3033 etsi]
1203 2981 1228 3020 et
1245 2973 1274 3021 C.

429 3053 462 3117 (9.
474 3053 511 3116 ιο)
520 3065 657 3115 poscerem
673 3051 702 3101 C.
737 3050 787 3112 (ιο)
800 3052 968 3101 narrationem
981 3051 1068 3102 CGM.
1087 3052 1138 3116 (ιι)
1150 3053 1166 3100 t.
1182 3053 1204 3100 in
1217 3054 1277 3102 scri-

427 3132 555 3183 bendont.
575 3133 633 3194 irnp.
650 3133 677 3187 Ε,
694 3132 710 3180 s.
729 3132 787 3180 mihi
796 3132 820 3178 in
832 3132 961 3182 scribendi
971 3133 1030 3196 imp.
1050 3134 1083 3183 G.
1117 3134 1190 3183 michi
1209 3133 1238 3183 C.
1254 3135 1276 3180 in

428 3214 479 3275 mc]
502 3212 536 3261 de
557 3226 598 3260 ure
621 3212 734 3260 vetorini
752 3212 784 3267 G.
803 3211 838 3260 de
855 3225 895 3260 me
912 3213 949 3261 M.
985 3213 1034 3276 (12)
1052 3215 1227 3275 loquutissimo
1246 3214 1275 3262 C.

428 3290 632 3357 (13)Aristotites
647 3305 722 3352 quant
732 3291 827 3354 (thum
845 3291 874 3340 C.
894 3292 917 3340 in
927 3300 986 3340 cetu
997 3291 1084 3342 CGM.
1120 3295 1276 3357 (14.15)sug.

428 3385 563 3421 omnesne
580 3386 603 3420 v.
621 3385 642 3420 s.
659 3372 757 3420 sarcina
772 3372 851 3420 cM.
886 3371 935 3435 (ις)
953 3372 1003 3421 Hic
1020 3372 1050 3421 C.
1083 3374 1138 3435 turc]
1152 3375 1221 3435 apud
1238 3376 1276 3433 M,

428 3466 474 3501 out.
492 3453 524 3501 G.
558 3452 608 3516 (ιό)
631 3461 692 3513 aput
710 3453 774 3513 GM,
810 3465 880 3501 orum.
899 3453 951 3501 EV.
981 3453 1137 3502 Aristotitem
1155 3454 1185 3503 C.
1219 3469 1279 3504 con·

430 3532 539 3594 quirenti
558 3533 603 3580 EG
610 3534 634 3579 V.
664 3532 808 3580 Aristotites
825 3532 912 3593 imquit
930 3531 959 3583 C.
