2850 4694
505 610 539 670 37

93 758 179 834 sisse
197 760 360 859 intelligo.
390 761 500 861 Quod
522 785 600 835 cum
620 762 666 836 ita
683 762 736 852 sit,
756 788 819 836 nos
842 763 946 836 maxi·

94 875 947 976 mismolestiisetdoloribusliberasti,cuminepi-

92 993 946 1090 stolatuanullamapudme‚quantummeamares‚

93 1106 341 1181 dubitationem
352 1107 622 1205 reliquisti.Nam
633 1110 795 1206 profecto
805 1134 866 1183 eas
875 1112 946 1183 lau·

92 1221 167 1311 deS,
185 1248 271 1320 quus
293 1223 338 1296 de
361 1224 461 1297 nobis
487 1224 655 1322 scriptura
668 1242 877 1337 prosecutus
895 1251 945 1316 es,
978 1258 988 1310 t

92 1337 166 1412 sine
184 1362 302 1412 amore
317 1337 407 1411 haud
421 1363 502 1411 vere
515 1339 667 1414 scribere
682 1365 750 1413 non
764 1341 943 1439 potuisses.

94 1453 164 1526 Etsi
196 1454 255 1526 tibi
284 1454 398 1528 verbis
432 1480 501 1527 non
536 1473 672 1551 potere,
701 1480 819 1530 umore
849 1474 945 1530 certe

93 1569 200 1642 tacito
214 1569 455 1667 respondeb0;
475 1570 601 1644 etenim
617 1588 675 1645 tua
687 1571 732 1645 ad
747 1598 810 1646 nos
824 1572 945 1670 ingens

93 1684 126 1756 in
152 1684 226 1758 dies
253 1685 342 1758 sama
367 1710 423 1758 me
450 1703 545 1758 tanto
563 1686 610 1759 tui
628 1686 802 1761 desiderio
827 1688 944 1777 afficit,

93 1800 297 1896 quodunam
308 1802 415 1874 solam
427 1801 676 1877 interdolorem
687 1805 945 1898 hunccunsola·
962 1835 991 1870 ιο

93 1915 222 1989 tionem
240 1941 418 2013 assequor,
434 1936 470 1991 ut
487 1935 638 1991 nostrum
663 1918 836 2017 utriusque
855 1918 944 1992 desi-

93 2030 223 2104 derium
255 2033 386 2106 crebris
409 2049 445 2105 et
469 2033 580 2131 longis
606 2034 760 2132 epistolis
789 2035 943 2108 leniatur.

94 2147 281 2244 Reliquum
315 2165 377 2238 est,
416 2165 451 2221 ut
484 2148 604 2221 librum
640 2149 738 2223 istum
773 2166 865 2223 tuum
900 2149 945 2222 de

92 2262 185 2335 beati
215 2262 407 2335 Hieronimi
439 2263 589 2354 transitu,
620 2289 724 2360 quem
755 2264 854 2337 nobis
884 2265 945 2337 mi-

91 2376 175 2465 sisti,
187 2378 244 2474 qui
258 2378 360 2451 etiam
379 2404 448 2451 non
464 2377 675 2452 mediocrem
690 2379 815 2452 amoris
828 2378 945 2452 decla·
961 2412 986 2462 ις

92 2493 260 2567 rationem
295 2496 409 2585 habet,
450 2495 567 2568 mirum
603 2495 636 2567 in
671 2494 810 2569 modum
845 2496 946 2570 nobis

140 2778 175 2837 (ι)
192 2776 248 2838 nos]
265 2791 315 2826 non
334 2777 364 2837 C,
382 2786 408 2826 te
423 2779 451 2826 Ε.
486 2779 494 2834 t
498 2776 520 2839 3)
531 2785 593 2839 aput
602 2778 666 2827 GM.
685 2790 787 2827 umores
800 2777 827 2825 V.
862 2776 895 2838 (4)
906 2791 945 2826 re·

92 2856 204 2917 linquisti
226 2858 252 2905 V.
286 2857 405 2920 (sjquum
423 2857 454 2905 C.
480 2865 655 2919 persequutus
673 2858 703 2915 C,
728 2866 903 2919 prosequutus
914 2858 942 2915 E,

92 2946 247 3000 persecutus
264 2937 297 2986 G.
332 2937 366 3000 (6)
374 2950 422 2986 am.
434 2936 500 2985 haud
513 2937 608 2999 (autc,
626 2938 685 2985 hnut
697 2936 737 3000 M)
748 2938 796 2984 sint
803 2950 865 2984 vere
872 2938 945 2998 (vere

93 3014 362 3078 sintCGM)CGMV.
398 3016 432 3078 (7)
440 3030 463 3063 v.
478 3015 553 3078 digne
572 3030 620 3064 non
636 3017 664 3063 E.
683 3025 795 3078 potuero
813 3016 846 3064 G.
873 3024 945 3064 certe

92 3108 163 3143 emm.
182 3096 235 3143 ἓν.
268 3095 301 3159 (8)
316 3096 392 3145 tacite
409 3097 461 3144 EV.
496 3095 572 3144 etnim
590 3097 617 3143 E.
652 3096 685 3157 (8.
703 3094 728 3157 9)
745 3094 779 3144 ud
802 3109 848 3143 nos
871 3095 944 3143 michi

92 3173 151 3223 dicu
175 3175 263 3238 ingens
291 3174 354 3223 tuma
377 3176 414 3233 Μ,
442 3175 465 3222 in
487 3174 529 3236 (m.
550 3187 571 3221 2.
589 3179 707 3237 suprascr,
726 3174 768 3234 ud)
786 3188 833 3223 nos
850 3173 945 3222 indies

93 3254 260 3317 ingenstuma
275 3256 308 3305 G.
343 3255 377 3318 (9)
389 3263 406 3303 t.
420 3254 456 3303 tui
468 3254 523 3303 des.
538 3256 565 3302 E.
601 3254 650 3316 (ιο)
665 3253 746 3315 quod]
760 3262 786 3302 ut
798 3255 825 3302 Ε.
854 3254 944 3315 solam]

93 3335 203 3384 hnucss
238 3336 301 3384 hunc
316 3335 355 3395 M,
373 3348 420 3383 om.
436 3336 464 3383 Ε.
506 3335 555 3398 (11)
575 3348 701 3396 assequar
716 3335 744 3382 E.
786 3335 945 3396 (tztteman-

92 3423 136 3464 tur
151 3414 182 3464 C.
222 3414 334 3477 (tt-16)
351 3422 422 3464 tuum
439 3415 529 3464 de-in
545 3414 648 3464 modum
664 3427 710 3463 om.
728 3413 761 3462 G.
808 3411 858 3476 (14)
876 3413 944 3461 beuti

92 3508 140 3544 om.
159 3496 196 3544 Μ.
242 3496 325 3544 ieron.
350 3495 381 3553 C,
411 3495 550 3557 hyeronimi
576 3495 628 3543 ΞΥ.
674 3493 722 3557 (15)
747 3493 832 3554 etiam}
861 3501 887 3541 et
914 3495 942 3541 E.

93 3573 231 3623 mediocris
246 3576 283 3624 Μ.
318 3578 365 3637 (ις.
385 3576 421 3638 ιό)
438 3575 635 3623 delectationem
647 3574 698 3622 EV.
795 3616 798 3621 .
