2926 5168
292 741 364 815 sive
390 741 566 815 historiam
584 742 836 815 renascentium
856 741 888 814 in
908 742 1001 815 ltalia
1019 742 1148 817 littera-

293 882 365 928 rum
384 872 542 930 texentes
564 857 682 930 lacere
704 882 773 930 non
798 873 982 954 potuerunt
1000 857 1082 954 quin
1101 855 1149 931 de

293 971 345 1044 his
371 996 514 1069 quoque
535 971 727 1045 scriberent
753 971 883 1070 quique
909 989 1036 1069 praeter
1061 997 1147 1070 pau·

292 1087 370 1159 cula
396 1085 555 1183 quaedam
582 1086 627 1160 de
653 1089 745 1160 lsota
769 1087 824 1159 vix
851 1087 929 1160 novi
956 1087 1146 1185 quidquam

291 1203 493 1291 attulerunt,
541 1227 661 1299 operae
700 1203 845 1299 pretium
882 1229 937 1276 me
976 1204 1146 1277 facturum

291 1341 368 1390 esse
381 1317 527 1414 speravi,
542 1317 569 1390 si
585 1317 617 1390 in
632 1342 747 1391 earum
762 1317 864 1390 vitam
883 1335 919 1391 et
935 1318 1065 1415 scripta
1083 1319 1148 1392 ite·

291 1457 363 1504 rum
394 1430 591 1528 diligentius
616 1432 833 1530 inquirerem.
864 1436 947 1534 Qua
978 1434 1009 1504 in
1037 1458 1149 1530 opera

289 1545 317 1620 si
348 1549 424 1643 plus
463 1572 565 1644 quam
596 1548 654 1644 qui
684 1564 764 1621 ante
795 1573 851 1620 me
881 1547 926 1621 de
956 1547 1080 1622 eadem
1108 1574 1148 1622 re

289 1661 500 1758 scripserunt
525 1662 672 1759 profeci,
700 1688 767 1736 non
796 1663 875 1735 milri
903 1662 965 1736 sed
993 1663 1147 1760 inprimis

290 1777 503 1851 nobilissimo
520 1778 639 1851 comiti
652 1777 849 1851 Alexandro
861 1778 1022 1877 Apponyi
1037 1778 1148 1853 debe·

289 1909 353 1981 tur,
389 1893 447 1989 qui
481 1891 642 1991 singulari
678 1894 843 1966 bonarum
874 1893 995 1967 artium
1025 1919 1148 1968 amore

288 2006 450 2082 incensus
476 2008 652 2106 congestis
678 2033 722 2081 ex
744 2008 903 2081 omnibus
935 2009 1008 2082 lere
1040 2009 1147 2085 totius

288 2123 439 2219 Europae
464 2122 596 2219 angulis
622 2121 802 2196 doctarum
820 2123 932 2220 gentis
951 2125 1146 2221 Nogarolae

287 2236 489 2311 seminarum
499 2237 663 2334 operibus
673 2238 923 2311 manibusaviae
933 2237 1146 2314 dulcissimae

287 2353 469 2427 Tlreresiae
497 2354 687 2450 Nogarolae
714 2354 782 2425 hoc
809 2371 1067 2427 monumentum
1087 2355 1147 2452 pia

287 2484 402 2541 mente
428 2467 647 2542 statuendum
674 2467 814 2556 curavit,
842 2483 911 2540 tum
939 2469 1046 2543 tribus
1064 2470 1145 2546 viris

284 2583 555 2673 Veronensibus,
581 2581 698 2657 loanni
718 2581 884 2678 Baptistae
901 2584 1034 2658 Carolo
1053 2585 1145 2660 Giu-

284 2697 368 2788 liari‚
397 2701 505 2773 Petro
531 2700 711 2796 Sgulmero
741 2713 776 2769 et
801 2696 974 2770 Caietano
994 2701 1054 2772 Da
1074 2704 1144 2793 tte,

283 2838 430 2912 quorum
458 2813 515 2887 ille
541 2811 657 2887 omnia
679 2837 758 2909 quae
775 2810 820 2884 ad
839 2812 1036 2908 Nogarolas
1054 2814 1145 2891 doc-

282 2927 369 3002 trina
395 2929 541 3002 illustres
557 2925 753 3023 spectantia
769 2950 902 2999 summo
919 2926 1036 3002 studio
1055 2955 1144 3005 con-

279 3061 436 3142 gesserat
462 3061 498 3117 ut
522 3043 554 3114 in
575 3067 669 3115 usum
690 3055 839 3113 nostrum
858 3059 1143 3122 converteremus

280 3159 538 3257 perhumaniter
569 3156 670 3230 nobis
696 3154 882 3239 concessit,
910 3156 943 3227 bi
978 3157 1141 3257 singulari

280 3274 457 3374 diligentia
484 3291 519 3347 et
545 3270 736 3346 admirabili
764 3268 922 3343 doctrina
952 3272 1142 3351 bibliothe-

278 3414 396 3465 carum
414 3408 451 3465 et
468 3387 713 3464 tabulariorum
731 3385 979 3459 Veronensium
999 3385 1140 3466 thesau-

278 3532 335 3582 ros
352 3504 559 3606 perscrutati
578 3519 665 3578 sunt,
