2850 4694
896 620 950 683 ¹³4

491 775 682 850 soevissimis
717 775 862 848 ducibus
892 774 936 848 ad
969 777 1127 850 Marcum
1157 777 1345 850 Antonium

491 891 765 965 obtruncandum
784 915 943 964 sermone
961 890 1035 964 eius
1048 891 1232 988 stupefacti
1247 892 1346 965 stric-

492 1025 546 1080 tos
569 1008 633 1080 iarn
661 1026 696 1080 et
725 1008 875 1080 vibratos
904 1007 1038 1104 gladios
1063 1032 1187 1082 cruore
1213 1032 1345 1082 vacuos

492 1124 620 1222 vaginis
634 1123 866 1197 reddiderunt.
881 1124 1090 1197 Pisistratum
1105 1124 1259 1197 dicendo
1272 1143 1345 1198 tan·

467 1269 476 1319 ς
492 1257 562 1313 tum
577 1240 721 1312 valuisse
740 1239 861 1327 lerunt,
878 1257 913 1311 ut
926 1239 957 1311 ei
972 1239 1200 1312 Athenienses
1213 1242 1344 1338 regium

493 1356 670 1453 imperium
697 1355 854 1429 oratione
879 1354 972 1451 capti
1000 1355 1247 1451 permitterent,
1267 1380 1345 1428 cum

494 1472 682 1570 praesertim
708 1497 753 1544 ex
778 1471 949 1545 contraria
975 1488 1072 1568 parte
1097 1472 1345 1544 amantissimus

493 1588 613 1685 patriae
643 1589 749 1661 Solon
781 1587 953 1659 niteretur.
990 1587 1059 1660 Sed
1090 1587 1227 1660 alterius
1257 1588 1346 1660 salu·

493 1702 625 1776 briores
658 1721 754 1777 erant
788 1703 1040 1791 contentiones,
1067 1703 1204 1776 alterius
1237 1701 1346 1775 diser·
1379 1704 1383 1717 '

450 1844 480 1880 ιο
493 1818 609 1903 tiores,
627 1844 699 1916 quo
717 1819 842 1908 evenit,
863 1836 897 1890 ut
914 1817 1065 1914 alioquin
1084 1817 1348 1914 prudentissima

493 1934 611 2008 civitas
629 1935 775 2008 libertati
801 1934 997 2008 servitutem
1025 1933 1212 2030 praelerret.
1242 1931 1347 2005 Unde

493 2052 583 2122 bene
602 2050 720 2123 dicere
742 2052 876 2124 solebat
903 2049 1099 2146 Euripides:
1127 2048 1243 2121 omnia
1261 2072 1347 2121 con-

493 2166 564 2238 ficit
597 2166 708 2239 oratio
738 2191 818 2262 quae
851 2166 975 2239 hostile
1010 2165 1134 2237 lerrum
1168 2164 1347 2236 conficere

494 2308 561 2356 non
581 2300 706 2379 potest.
738 2283 839 2356 Pacis
865 2300 917 2355 est
935 2282 1024 2354 enim
1043 2280 1174 2377 otiique
1196 2281 1294 2353 socia
1311 2298 1348 2353 et

525 2632 558 2694 (ι)
576 2631 724 2680 saevisse.
751 2630 776 2678 d.
795 2630 877 2679 sicarii
895 2629 927 2677 td
945 2631 972 2677 Ε.
1008 2628 1141 2676 Marchum
1157 2628 1188 2675 R.
1222 2627 1290 2675 anth.
1312 2628 1346 2675 G.

494 2710 528 2772 (a)
552 2711 698 2772 stupefacto
722 2711 760 2759 M.
806 2710 840 2772 (3)
866 2721 974 2758 cruores
999 2708 1030 2757 tt
1073 2707 1107 2769 (4)
1132 2706 1294 2754 reddiderint
1311 2709 1346 2756 G.

495 2791 658 2840 Phisitratum
683 2791 716 2839 G.
758 2789 845 2838 dando
870 2791 901 2838 R.
944 2788 977 2850 (4.
997 2789 1018 2851 ς)
1042 2788 1148 2848 tantum]
1172 2798 1222 2836 tarn
1245 2788 1293 2834 Ei'
1307 2789 1347 2851 (i).

494 2870 528 2935 (ς)
545 2871 656 2920 voluisse
674 2871 706 2918 R.
741 2884 829 2933 regum
846 2870 876 2927 C,
896 2883 1001 2931 regnum
1018 2869 1050 2916 R.
1084 2867 1118 2930 (ό)
1135 2868 1300 2930 promiserint
1317 2871 1347 2929 Ε,

494 2952 642 3014 permittent
662 2952 689 2998 V.
725 2951 756 3012 (7.
768 2950 793 3012 8)
818 2963 894 3011 praes.
912 2956 1002 2996 amant.
1022 2962 1047 3010 p.
1066 2948 1092 2996 8.
1111 2960 1141 2994 ex
1167 2956 1248 2996 contr.
1268 2961 1294 3009 p.
1313 2949 1346 2996 R.

496 3032 530 3096 (8)
548 3034 623 3081 Salon
642 3031 671 3089 C,
697 3031 760 3080 Solo
784 3031 847 3079 GM.
882 3029 1042 3087 obiiceretur
1058 3029 1086 3087 Ε,
1108 3027 1295 3089 intelligeretur
1312 3029 1346 3085 G,

496 3113 679 3161 obniteretur?
719 3112 752 3174 (9)
770 3111 938 3170 erant]erant
956 3110 1015 3157 item
1033 3109 1066 3166 G,
1085 3122 1131 3156 om.
1150 3109 1182 3156 R.
1216 3115 1350 3169 contemp

496 3194 580 3242 tiones
597 3194 626 3242 C.
662 3191 695 3253 (9.
712 3192 750 3254 ιο)
767 3191 931 3239 desertiones
939 3191 969 3248 C,
981 3189 1175 3238 dissertationes
1183 3188 1235 3246 EV,
1247 3187 1349 3235 destru-

495 3275 590 3322 ctiores
609 3274 641 3330 G,
661 3272 825 3321 dissertiores
842 3272 880 3330 M,
900 3269 1066 3319 discretiores
1077 3270 1108 3317 R.
1144 3267 1193 3332 (ιο)
1203 3267 1306 3316 advenit
1316 3267 1347 3315 C.

494 3353 632 3414 aliquando
648 3354 680 3401 R.
721 3351 771 3415 (ιι)
795 3351 938 3399 libertatem
960 3349 1075 3399 servituti
1093 3349 1123 3397 C.
1157 3347 1298 3396 anteferret
1314 3347 1347 3405 R,

496 3433 623 3493 perterret
636 3433 663 3478 V.
698 3430 747 3493 (υ)
757 3431 835 3490 bene]
851 3438 922 3478 recte
932 3431 959 3477 Ε.
994 3426 1135 3489 euripedes
1145 3429 1177 3476 G.
1212 3425 1262 3490 (13)
1276 3426 1349 3487 quod

496 3513 527 3560 R.
546 3511 652 3560 verbum
671 3511 703 3559 G.
746 3508 795 3571 (14)
814 3510 877 3557 Pars
894 3518 933 3557 est
950 3508 1016 3556 enim
1030 3507 1129 3568 otiique
1153 3507 1246 3555 nobilis
1267 3507 1347 3565 socie,

495 3592 555 3652 quia
571 3600 597 3640 et
616 3592 644 3639 tt
