2926 5168
936 586 988 628 xvt

592 735 913 809 Luculentissimum
948 753 1061 811 autem
1089 736 1266 811 laudabilis
1292 762 1395 835 quam

543 876 625 950 erga
655 851 889 926 humaniorum
916 853 1100 926 litterarum
1122 852 1234 927 studia
1263 853 1397 950 proesti-

543 984 631 1041 terat
649 967 866 1065 benignitatis
884 968 1113 1042 testimonium
1130 971 1260 1043 Blanca
1274 970 1396 1075 Noga-

543 1086 615 1157 rola
640 1109 686 1158 eo
704 1083 811 1174 dedit,
829 1083 926 1181 quod
945 1083 1040 1174 filias,
1058 1109 1201 1181 quarum
1219 1083 1396 1183 egregiam

543 1199 694 1273 indolem
721 1215 852 1273 mature
878 1217 1112 1297 perspexerat,
1138 1199 1210 1274 viro
1236 1199 1397 1275 erudien-

543 1314 605 1390 das
631 1315 780 1406 tradidit,
799 1316 856 1413 qui
875 1340 919 1389 ea
934 1332 1039 1390 aetate
1057 1315 1145 1390 inter
1161 1315 1251 1390 viros
1268 1315 1396 1390 littera·

544 1457 616 1504 rum
644 1431 838 1505 Latinarum
866 1431 1012 1505 scientia
1038 1430 1186 1505 imbutos
1203 1430 1395 1504 seeundum

544 1563 624 1645 post
649 1546 840 1621 Guarinum
866 1548 1018 1620 Veronae
1044 1548 1158 1620 locum
1178 1546 1329 1620 tenuisse
1346 1546 1396 1620 vi·

543 1661 654 1752 detur,
673 1662 756 1736 lieet
774 1686 864 1735 nunc
881 1660 1020 1735 demum
1035 1662 1111 1760 quis
1124 1680 1160 1736 et
1171 1662 1282 1760 qualis
1294 1660 1397 1736 luerit

545 1776 694 1875 Remigii
737 1775 923 1851 Sabbadini
966 1777 1177 1876 potissimum
1221 1777 1396 1852 beneficio

543 1910 718 1993 appareat.
748 1896 878 1967 Blanea
908 1894 998 1967 enim
1025 1894 1136 1968 statim
1163 1918 1206 1968 ac
1232 1891 1397 1966 Martinus

543 2008 729 2106 Rirronr'tu,
756 2009 801 2083 de
832 2036 903 2108 quo
929 2011 1109 2109 loquimur,
1138 2010 1169 2082 in
1196 2009 1339 2107 patriam
1375 2034 1396 2084 a

543 2150 612 2224 qua
630 2125 702 2198 sere
720 2142 800 2199 ante
817 2125 1086 2223 quinquennium
1105 2125 1249 2223 amplius
1263 2125 1395 2199 disces-

542 2256 634 2314 serat
659 2266 814 2314 reversus
840 2257 904 2331 est,
916 2251 944 2297 ³⁰
969 2267 1048 2315 eum
1075 2240 1108 2314 in
1138 2240 1277 2315 domum
1296 2265 1392 2315 suam

543 2356 676 2452 recepit
702 2356 805 2455 eique
836 2356 978 2430 filiarum
1009 2357 1256 2431 institutionem
1295 2381 1394 2431 com·

544 2471 643 2561 misit,
670 2469 766 2570 quod
800 2471 891 2545 bene
926 2473 1053 2545 lactum
1088 2497 1167 2546 esse
1193 2472 1287 2545 brevi
1314 2489 1395 2570 post

543 2590 621 2662 luce
639 2587 763 2661 clarius
780 2587 946 2685 apparuit,
960 2612 1038 2660 eum
1057 2589 1233 2661 Zenevera
1249 2604 1286 2661 et
1302 2590 1395 2662 lsota

543 2720 680 2776 ceteros
707 2703 826 2776 fratres
851 2727 1058 2800 sororesque
1084 2727 1285 2800 praegressae
1303 2727 1395 2776 sum·

543 2844 631 2892 mam
658 2818 691 2891 in
718 2817 836 2892 litteris
852 2818 994 2917 gloriam
1012 2817 1151 2916 adeptae
1168 2833 1255 2890 sunt.
1283 2817 1395 2892 Cuius

543 2934 592 3009 rei
619 2937 691 3009 laus
718 2959 873 3032 magnam
900 2951 1031 3032 partem
1060 2933 1212 3007 Martino
1235 2930 1393 3024 debetur,

543 3050 601 3148 qui
612 3075 818 3149 quamquam
833 3050 935 3123 etiam
950 3052 1063 3148 legum
1078 3049 1193 3123 studio
1207 3048 1395 3147 aliquando

544 3167 724 3240 tenebatur
742 3183 777 3238 et
796 3191 839 3239 ne
864 3191 885 3239 a
910 3165 1087 3263 theologia
1104 3165 1244 3263 quidem
1262 3165 1394 3239 alienus

542 3299 616 3356 erat
641 3297 754 3355 tamen
781 3280 815 3354 id
842 3281 1006 3378 temporis
1031 3280 1140 3354 bonas
1166 3281 1294 3354 litteras
1320 3304 1394 3378 prae

542 3396 669 3471 ceteris
682 3398 831 3486 colebat,
846 3422 988 3495 quarum
1001 3421 1153 3471 amorem
1168 3396 1269 3470 etiam
1289 3395 1394 3470 disci·

543 3512 631 3613 pulis
639 3512 709 3587 suis
718 3511 867 3604 tradidit,
878 3538 957 3610 quae
967 3538 1038 3612 quo
1056 3528 1213 3610 tempore
1231 3512 1263 3586 in
1280 3512 1394 3612 publi-
