2850 4694
519 638 572 702 ²¹3

118 790 319 865 conditione
332 790 491 865 vivamus.
512 794 595 892 Qua
611 816 706 865 exre
721 792 789 866 noli
803 809 838 866 te
852 816 968 867 mace·

119 930 205 996 rare,
227 905 254 979 si
282 930 344 979 nos
370 908 485 979 valere
511 906 619 1002 cupis.
647 909 776 980 Testor
797 906 900 981 deum
931 924 968 982 et

117 1039 257 1095 sanctos
278 1023 431 1120 angelos,
450 1047 594 1119 quorum
621 1022 799 1096 consortio
824 1023 892 1097 filia
909 1041 966 1097 tua

117 1135 245 1226 fruitur,
260 1162 316 1210 me
330 1137 375 1210 ita
389 1137 460 1234 pari
476 1137 631 1212 molestia
647 1136 805 1211 allectam
823 1162 912 1228 esse,
931 1156 966 1212 ut

117 1252 191 1350 ipsa
225 1252 360 1350 penitus
394 1252 634 1327 consolatione
668 1276 789 1351 egeam
821 1278 901 1351 qute
930 1271 965 1327 te
998 1284 1008 1338 ς

115 1367 216 1440 solari
230 1368 345 1465 cupio.
370 1371 417 1441 lta
434 1368 525 1441 enim
543 1370 598 1441 lex
616 1367 775 1442 amicitiae
793 1370 966 1465 postulare

115 1483 257 1556 videtur.
286 1486 370 1583 Qua
395 1509 439 1557 ex
467 1509 503 1557 re
534 1484 635 1558 finem
666 1483 732 1557 iam
763 1484 899 1582 lugendi
930 1501 966 1558 et

114 1599 255 1673 dolendi
278 1600 367 1690 lace,
382 1600 441 1673 tibi
457 1623 561 1696 parce
583 1617 619 1673 et
636 1623 742 1697 parce
756 1601 873 1674 amicis
887 1601 964 1692 tuis,
1055 1636 1060 1643 ·

114 1714 172 1811 qui
187 1732 247 1788 tuo
256 1715 379 1788 dolore
390 1730 590 1803 maerentur;
605 1738 711 1812 parce
721 1714 801 1812 ipsis
811 1715 963 1804 mortuis,

113 1830 170 1926 qui
190 1847 224 1904 te
243 1833 312 1904 hoc
331 1830 447 1905 lacere
465 1832 595 1918 nolunt,
614 1829 776 1926 nihilque,
796 1832 865 1903 hoc
883 1830 963 1903 mihi
980 1857 1010 1894 ιο

112 1945 231 2034 crede,
258 1945 434 2019 honestius
461 1945 577 2019 lacere
603 1944 743 2042 poteris.
777 1944 962 2042 Reliquum

112 2078 165 2134 est
179 2078 213 2133 ut
233 2060 292 2134 tibi
311 2061 467 2158 ingentes
484 2084 582 2157 agam
600 2060 726 2158 gratias
744 2060 790 2134 de
807 2060 963 2134 laudibus

112 2200 196 2273 quas
222 2176 302 2248 mihi
331 2175 457 2249 tribuis.
487 2175 598 2275 Quod
623 2191 738 2249 autem
765 2192 825 2250 tuo
852 2175 962 2250 inme

112 2316 230 2364 amore
265 2315 343 2365 mea
376 2290 519 2365 consilia
552 2290 650 2389 sequi
681 2290 888 2380 decreveris,
927 2291 961 2364 id

111 2405 191 2478 mihi
226 2423 323 2479 certe
361 2406 586 2503 gratissimum
617 2423 670 2479 est
700 2406 851 2503 nihilque
881 2406 961 2479 mihi
978 2435 1004 2489 ις

111 2521 291 2594 iocundius
302 2524 371 2595 hoc
381 2538 539 2620 tempore
553 2521 691 2596 evenire
705 2522 843 2621 poterit,
858 2546 960 2619 quam

110 2637 137 2710 si
152 2638 244 2709 hunc
258 2636 414 2711 dolorem
435 2638 609 2735 utriusque
633 2654 782 2712 nostrum
806 2661 960 2711 commu-

111 2777 188 2826 nem
199 2752 332 2825 lortiter
344 2753 569 2851 acsapienter
586 2770 621 2828 te
640 2753 728 2828 lerre
746 2753 958 2827 intellexero.

110 2867 220 2967 Quod
247 2883 361 2940 autem
384 2868 416 2940 in
435 2869 534 2942 calce
552 2885 682 2943 tuarum
701 2868 884 2942 litterarum
904 2892 959 2940 me

109 2984 286 3071 obsecras,
322 2998 357 3055 ut
386 3007 538 3057 amorem
569 3008 681 3057 meum
712 3007 795 3080 erga
825 3000 858 3057 te
890 3006 958 3053 non
974 3010 1005 3046 20

155 3186 188 3248 (r)
205 3184 369 3235 condictione
387 3185 420 3248 (2)
429 3185 557 3234 Christum
569 3193 595 3233 et
607 3186 638 3234 R.
658 3185 806 3248 (alangelos
822 3186 851 3232 A.
875 3183 910 3246 (ς)
923 3186 958 3245 te]

107 3265 153 3313 tibi
168 3267 197 3313 A.
232 3265 263 3328 (o.
281 3264 304 3326 7)
321 3266 441 3327 postulat.
468 3264 570 3326 Quare
587 3267 615 3313 A.
649 3263 682 3325 (7.
700 3263 725 3325 8)
743 3266 793 3327 lug.
812 3272 839 3313 et
856 3264 958 3327 lugendi

108 3345 162 3394 lace
188 3347 218 3394 R.
260 3345 311 3408 (ro)
331 3347 417 3394 volunt
442 3347 471 3393 A.
506 3344 555 3406 (υ)
581 3345 673 3408 gratias
696 3357 767 3407 agam
783 3347 811 3393 A.
845 3343 958 3405 (rr-14)

108 3423 398 3474 laudibus-amorem.
418 3425 449 3474 R.
483 3423 533 3485 (η)
542 3423 595 3485 Qui
603 3427 631 3473 A.
658 3423 707 3488 (to)
717 3424 831 3473 evenerit
843 3437 919 3486 quam
927 3426 956 3472 A.

107 3505 157 3568 (17)
183 3505 250 3554 hunc
272 3517 318 3553 orn.
345 3507 374 3554 A.
407 3518 542 3555 comunem
558 3507 587 3565 A,
614 3518 659 3553 orn.
678 3505 710 3554 lt
744 3504 793 3569 (18)
811 3505 827 3552 l.
846 3512 908 3553 ets.
926 3506 955 3552 A.

107 3582 157 3646 (19)
174 3583 226 3645 our
242 3586 271 3632 A·
