2850 4694
647 596 746 640 xxxtv

275 749 405 824 mianus
428 751 560 846 burgus
585 747 764 823 fidissimus
783 751 973 845 Nogarolae
991 748 1126 822 familiae

274 865 405 939 amicus
417 882 501 954 erat,
512 872 538 921 5²
557 864 615 962 qui
633 889 711 938 cum
729 864 798 939 suis
815 889 878 962 per
896 880 1003 937 totum
1022 864 1126 962 pesti·

275 980 391 1055 lentiae
425 979 577 1076 bellique
611 996 747 1077 tempus
775 981 926 1053 Veronae
956 978 988 1051 in
1019 979 1127 1076 patria

276 1095 446 1184 remansit,
457 1095 549 1169 unde
563 1096 762 1192 frequenter
773 1094 818 1168 ad
833 1098 956 1169 lsotam
971 1092 1127 1191 aliosque

276 1210 334 1309 qui
348 1211 510 1285 Venetias
522 1209 724 1308 aufugerant
736 1211 868 1284 amicos
877 1210 1004 1283 litteras
1018 1209 1123 1282 dedit.

327 1326 458 1401 Etenim
474 1326 580 1401 modo
597 1326 830 1424 conqueritur,
844 1324 940 1423 quod
954 1328 1056 1399 lsotae
1073 1326 1126 1397 lit-

277 1458 371 1532 terae,
390 1442 514 1539 quibus
539 1440 585 1515 de
607 1440 716 1515 fratris
733 1458 769 1515 et
786 1442 901 1516 filiolae
919 1457 1029 1514 morte
1047 1467 1124 1515 eum

275 1559 529 1648 consolabatur,
547 1557 611 1631 sibi
625 1555 770 1631 redditae
788 1582 857 1630 non
873 1556 940 1630 sint
953 1554 1124 1652 (Veronae,

270 1677 355 1746 XX.
375 1677 460 1770 Aug.
495 1670 608 1768 1438),
627 1670 734 1746 modo
752 1689 936 1769 postquam
965 1675 1125 1770 Nogaro-

272 1791 337 1863 lam
356 1787 513 1861 familiam
533 1788 626 1861 brevi
645 1804 803 1886 tempore
821 1789 992 1862 Veronam
1012 1813 1124 1861 rever-

271 1927 382 1978 suram
400 1927 478 1977 esse
496 1903 645 2002 accepit,
664 1907 787 1977 lsotam
803 1919 911 2001 rogat,
927 1920 963 1976 ut
978 1904 1125 1977 muneris

271 2022 364 2111 loco,
399 2018 495 2117 quod
522 2019 580 2117 qui
602 2027 752 2118 peregre
777 2021 905 2093 abeunt
935 2018 1015 2093 inde
1045 2046 1123 2093 cum

272 2133 418 2209 redeunt
450 2134 569 2209 amicis
594 2135 716 2209 aliene
750 2136 873 2224 solent,
909 2138 1070 2209 nonnulla
1103 2162 1124 2209 e

272 2249 468 2348 Vergiliano
486 2250 592 2325 Servii
614 2249 863 2324 commentario
880 2268 1047 2349 excerpat
1063 2277 1124 2324 ex-

273 2381 463 2463 cerptaque
489 2390 607 2440 secum
634 2365 753 2440 afferat
774 2365 936 2461 (Veronae
954 2368 1007 2438 lV.
1031 2369 1121 2440 Dec.

279 2480 390 2578 1438).

322 2598 457 2670 Contra
481 2621 578 2694 spem
605 2613 718 2670 tamen
746 2596 791 2669 illi
817 2596 954 2687 accidit,
982 2615 1018 2670 ut
1035 2602 1125 2672 lsota

273 2712 375 2787 etiam
394 2712 571 2810 proximos
587 2711 675 2786 duos
688 2737 796 2787 annos
805 2713 958 2787 Venetiis
968 2713 1122 2811 degeret.

273 2832 318 2903 At
335 2854 379 2902 ne
397 2829 495 2902 huius
512 2826 651 2927 quidem
671 2829 835 2927 temporis
856 2828 981 2903 desunt
1002 2830 1124 2905 litterae

275 2943 379 3041 ipsius
397 2943 558 3017 Damiani
577 2967 676 3017 manu
691 2961 851 3019 exaratae.
873 2944 944 3018 Die
962 2946 1051 3018 enim
1070 2972 1124 3019 se-

274 3057 391 3133 cundo
408 3058 534 3133 mensis
549 3059 691 3133 Ianuarii
708 3083 739 3132 a.
765 3067 890 3156 14395³
909 3063 1011 3134 lsotae
1029 3085 1125 3134 com-

275 3174 474 3248 mentarium
493 3174 669 3249 cuiusdam
688 3175 770 3248 civis
785 3175 970 3249 Brixiensis
978 3175 1024 3249 de
1033 3179 1126 3250 clara

276 3289 401 3364 Brixiae
413 3290 597 3365 obsidione
607 3290 705 3380 misit,
716 3291 813 3365 cuius
826 3291 1033 3365 emendandi
1043 3310 1078 3364 et
1092 3293 1124 3364 in

276 3404 417 3478 sormam
428 3407 531 3502 paulo
540 3405 785 3510 elegantiorem
797 3404 1068 3504 redigendicura
1080 3410 1124 3481 ab

274 3519 413 3595 Andrea
444 3521 637 3621 Mocenigo
676 3521 781 3596 nobili
815 3522 888 3596 viro
917 3541 953 3596 et
982 3524 1124 3622 egregio
