2850 4694
498 921 614 991 XXV.

207 1226 341 1286 (Venonis,
359 1228 402 1277 die
422 1229 466 1276 ΙΧ.
481 1229 575 1278 mensis
593 1230 749 1279 Decembris
764 1243 787 1279 a.
809 1231 888 1293 1438.)

68 1643 70 1647 Ι
121 1539 281 1613 Nicotaus
314 1540 442 1613 Barbas
467 1542 565 1614 Isotoe
593 1540 773 1638 Nagaroloe
797 1543 828 1614 S.
858 1544 895 1614 P.
922 1545 970 1614 D.

126 1869 366 2227 Qum
396 1913 489 1969 tanta
514 1896 682 1993 quotidie,
714 1914 781 1971 tam
805 1898 972 1992 praeclara

334 2030 472 2108 tamque
503 2012 684 2110 magnifica
718 2013 762 2086 de
794 2030 853 2086 tuo
884 2037 972 2109 prae-
1003 2052 1012 2098 ς

333 2128 539 2202 stantissimo
578 2128 716 2226 ingenio
757 2153 778 2200 a
821 2127 972 2224 pluribus

119 2246 230 2318 aetatis
265 2261 390 2318 nostrae
425 2242 659 2316 eruditissimis
694 2243 772 2316 viris
817 2241 969 2316 audirem

119 2377 155 2432 et
192 2385 235 2433 ea
273 2385 309 2433 re
339 2358 468 2457 aliquid
498 2358 542 2432 ad
573 2374 607 2431 te
638 2358 789 2432 scribere
821 2357 969 2431 incredi-

120 2476 177 2548 bili
214 2475 364 2572 quodam
400 2474 574 2548 desiderio
608 2474 777 2562 arderem,
818 2473 852 2547 id
890 2490 969 2547 ante

121 2594 211 2665 hunc
237 2592 327 2665 diem
355 2615 539 2688 capessere
565 2589 623 2664 diu
650 2592 861 2687 multumque
887 2614 1015 2664 sanem

119 2705 281 2780 dubitavi.
303 2708 392 2780 Nam
412 2731 480 2779 non
499 2704 607 2779 modo
625 2723 817 2780 nostrorum
836 2722 970 2802 tempo

167 3060 258 3108 Collati
276 3067 349 3107 sunt:
367 3058 458 3107 Codex
475 3057 682 3107 Vindobonensis
699 3072 735 3106 nr.
752 3058 808 3117 3481
826 3056 877 3120 (C).
892 3056 970 3108 Guel-

119 3139 266 3201 ferbytanus
281 3137 336 3201 (G),
357 3137 519 3187 Monacensis
532 3136 592 3200 (Μ),
610 3138 768 3186 Veronensis
780 3136 825 3200 (V)
848 3145 873 3186 et
891 3137 971 3188 editio

119 3232 142 3268 a.
165 3219 223 3277 1846
239 3219 288 3281 (E).

166 3298 199 3361 (3)
219 3299 347 3347 Burburus
365 3298 427 3346 GM.
464 3298 549 3346 isottae
562 3298 613 3354 EV.
634 3298 731 3346 Ysothe
744 3297 776 3346 G.
812 3298 879 3360 Nog.
896 3298 921 3346 S.
939 3299 968 3346 Ρ.

121 3380 153 3427 D.
172 3392 242 3428 omm.
262 3379 325 3427 GM.
368 3377 480 3426 Salutem
502 3378 567 3439 plur.
590 3377 616 3426 d.
641 3376 671 3435 C,
699 3377 749 3426 Sui.
777 3378 832 3426 Piu.
850 3377 919 3426 Dicit
939 3379 967 3426 V.

116 3452 153 3520 (4)
171 3458 227 3507 Cun
251 3458 280 3508 C
319 3457 447 3519 quottidie
468 3457 557 3506 GMV.
591 3465 694 3519 temque
711 3457 744 3506 G.
785 3456 818 3520 (8)
836 3456 868 3505 ad
885 3465 911 3506 te
927 3457 971 3506 nti·

119 3537 181 3600 quid
199 3539 233 3587 G.
267 3536 300 3600 (9)
315 3536 447 3600 quondum
465 3537 495 3588 0
529 3537 579 3602 (ιο)
591 3550 733 3602 capescere
748 3537 860 3589 com.

172 3656 234 3699 rme
248 3655 358 3712 nug-101.
371 3656 449 3714 open.
462 3657 477 3699 ι.
836 3656 862 3693 12
