2850 4694
638 617 748 665 xxxvl!

263 797 304 847 se
321 773 372 847 eis
389 772 555 848 ludificari
577 771 697 847 credat
715 770 888 868 (Veronae,
906 777 1005 847 xxi.
1027 776 1119 848 Nov.

270 886 384 985 1439).
416 890 484 962 lam
510 912 619 987 porro
646 912 764 961 mense
789 889 895 987 Aprili
920 890 998 963 anni
1031 914 1121 985 ¹440

267 1002 460 1077 Damianos
478 1027 558 1077 cum
577 1028 684 1077 uxore
698 1003 853 1077 Venetiis
867 1004 1038 1078 nescimus
1053 1029 1122 1102 qua

263 1117 313 1191 de
347 1142 452 1192 causa
485 1119 693 1210 morabatur,
727 1116 790 1191 sed
825 1142 905 1192 cum
942 1121 1122 1217 Nogarola

134 1272 141 1282 ¹
264 1232 395 1307 familia
434 1233 610 1307 Patavium
651 1234 796 1308 sortasse
831 1232 875 1307 ad
907 1233 1121 1332 propinquos

262 1347 671 1440 visendosabscessisset‚
682 1376 725 1424 ne
736 1348 958 1446 tumquidem
969 1367 1120 1424 mutuum

262 1465 451 1539 litterarum
465 1466 711 1539 commercium
726 1465 883 1539 cessavit.
897 1467 1021 1539 Extant
1028 1465 1120 1538 enim

266 1581 429 1655 Damiani
455 1581 578 1655 litterae
603 1580 759 1654 Venetiis
785 1579 843 1654 die
869 1584 968 1654 XIX.
997 1581 1121 1654 mensis

263 1697 389 1796 Aprilis
414 1696 458 1771 ad
486 1699 610 1770 lsotam
636 1696 787 1794 scriptae,
815 1696 939 1792 quibus
957 1696 1120 1795 queritur,

264 1811 363 1911 quod
373 1837 417 1887 ex
426 1837 498 1912 quo
508 1812 831 1886 Venetiasvenisset
840 1811 890 1884 bis
905 1827 1027 1909 terque
1037 1836 1121 1910 qua-

265 1945 388 2026 terque
397 1927 442 2002 ad
451 1952 528 2001 eam
538 1927 713 2025 scripserit
722 1926 784 2001 sed
795 1951 839 1999 ne
852 1929 960 2000 semel
979 1925 1120 2024 quidem

263 2043 330 2118 sibi
347 2068 550 2142 responsum
559 2043 611 2117 sit.
633 2045 717 2143 Qua
733 2041 780 2116 de
797 2066 902 2116 causa
919 2043 1034 2116 statuit
1053 2045 1121 2116 Pa·

264 2157 1121 2255 taviumseconlerre‚utamicamexpergelaceret

264 2289 303 2349 et
320 2272 364 2347 ad
377 2273 597 2347 scribendum
611 2273 686 2347 viva
698 2273 855 2346 oratione
868 2275 1118 2347 cohortaretur.

265 2387 378 2491 Quod
390 2389 570 2463 consilium
582 2414 662 2462 num
672 2388 918 2478 exsecutussit‚
929 2412 1013 2462 sane
1024 2388 1121 2486 igno-

264 2529 389 2594 ramus,
415 2503 479 2577 sed
499 2503 706 2578 Damianum
724 2520 909 2601 antequam
923 2503 956 2577 in
975 2504 1120 2602 patriam

264 2635 494 2694 reverteretur
519 2644 598 2693 cum
624 2622 715 2692 Isota
741 2620 955 2692 collocutum
981 2643 1060 2694 esse
1076 2643 1121 2692 ex

263 2735 384 2808 litteris
401 2733 512 2832 pridie
532 2734 711 2809 Kalendas
735 2736 956 2808 Decembres
973 2759 1003 2808 a.
1030 2759 1121 2830 1440

262 2852 415 2925 Veronae
452 2849 496 2924 ad
531 2852 655 2923 lsotam
691 2849 811 2923 iterum
842 2849 996 2923 Venetiis
1021 2873 1120 2923 com-

264 2981 455 3038 morantem
481 2964 616 3062 scriptis
641 2979 796 3062 apparet,
824 2963 857 3036 in
884 2964 1009 3062 quibus
1032 2988 1121 3062 prae·

263 3083 597 3178 tereamultaeaque
609 3083 701 3154 lectu
720 3079 918 3178 dignissima
934 3079 980 3153 de
998 3079 1121 3153 itinere

263 3196 360 3270 circa
385 3198 497 3270 lacum
516 3199 692 3270 Benacum
710 3211 875 3292 suscepto
893 3212 928 3269 et
946 3195 992 3269 de
1009 3196 1121 3269 Zene-

263 3336 346 3386 vera
358 3314 525 3410 leguntur,
540 3337 686 3410 quorum
700 3327 832 3409 partem
851 3311 917 3384 iam
935 3334 1047 3409 supra,
1062 3312 1120 3385 ubi

262 3427 311 3503 de
328 3430 505 3502 Zenevera
521 3429 627 3501 verba
644 3428 846 3516 feceramus,
865 3426 1063 3500 rettulimus

317 3546 377 3618 De
394 3543 513 3617 litteris
526 3545 571 3617 ab
588 3545 680 3617 laota
692 3541 736 3616 ad
752 3542 961 3616 Damianum
974 3540 1121 3639 scriptis,
