2850 4694
512 638 560 681 111

114 804 229 864 certus
266 814 340 863 sum
370 805 407 863 et
434 815 497 864 vos
530 789 620 887 ipsas
653 790 826 864 lectitasse
858 808 963 887 atque

114 903 247 1003 optime
260 903 478 1002 percepisse;
497 904 576 978 novi
589 903 805 1003 enim,quum
813 903 962 980 divinum

115 1018 264 1110 feminae,
281 1043 415 1117 vosque
432 1019 633 1118 praesertim,
647 1018 851 1119 possideatis
869 1019 964 1119 inge-

115 1134 216 1210 nium.
235 1136 331 1209 Illum
349 1134 448 1233 igitur
460 1151 599 1209 ceteros
610 1137 819 1211 antecellere
837 1134 966 1210 iudicat

118 1249 307 1341 Hesiodus,
333 1251 391 1349 qui
417 1249 558 1348 propria
581 1250 682 1325 animi
708 1250 900 1349 optimitate
925 1275 965 1326 se
997 1280 1006 1330 5

115 1366 224 1465 ipsum
251 1367 345 1439 nullo
370 1381 522 1463 cogente
538 1365 583 1440 ud
608 1367 700 1440 bene
726 1367 899 1464 beateque
916 1365 965 1439 vi·

114 1480 217 1557 vendi
241 1480 438 1580 disciplinas
456 1479 574 1555 incitat
597 1497 634 1555 et
661 1480 832 1556 accendit
865 1483 965 1582 Quas
1029 1520 1031 1525 ·

114 1598 164 1672 ob
188 1621 244 1672 ree
261 1621 340 1672 cum
357 1621 420 1672 vos
438 1598 530 1671 hunc
551 1597 583 1670 in
610 1596 750 1671 modum
777 1596 965 1695 praebuisse

115 1711 350 1812 cognoverim,
368 1712 403 1788 id
430 1713 520 1787 nulla
544 1712 684 1810 quidem
710 1711 806 1810 potui
833 1711 964 1786 ratione

116 1828 302 1927 praeterire.
320 1830 393 1902 Vos
411 1827 538 1926 itaque,
557 1853 626 1902 non
652 1827 766 1903 dicam
783 1852 805 1901 a
821 1852 888 1918 me,
906 1828 964 1927 qui
982 1858 1011 1892 10

116 1944 252 2019 minime
278 1943 454 2018 cuiusdam
481 1943 605 2042 ingenii
626 1968 701 2018 sum
727 1943 856 2041 quique
874 1943 964 2019 haud

116 2062 217 2134 ullum
231 2059 370 2135 dicendi
386 2085 496 2159 genus
508 2084 718 2157 consequor,
731 2084 847 2134 verum
861 2059 964 2134 etiam

115 2175 455 2274 equolibetsummae
468 2174 680 2250 auctoritatis
693 2174 878 2273 iudiciique
891 2175 964 2250 viro

115 2315 181 2367 nec
198 2291 308 2366 minus
324 2290 608 2389 eloquentissimo
632 2290 768 2389 scriptis
785 2292 965 2365 celebran-

114 2407 177 2483 dus
202 2424 239 2482 et
263 2407 297 2481 in
322 2409 446 2482 ctelum
471 2405 687 2481 extollendus
711 2431 788 2481 esse
814 2406 1006 2482 mondo-15

115 2524 198 2599 bito.
227 2526 345 2625 Quem
362 2523 454 2597 enim
480 2523 738 2599 adolescentem
765 2525 831 2597 hac
847 2540 964 2597 nostra

113 2642 254 2717 aetatulu
265 2655 391 2739 sponte
408 2664 480 2730 sua,
495 2642 588 2715 nullo
605 2665 744 2738 prorsus
756 2639 904 2729 stimulo,
917 2665 964 2714 eo

114 2781 187 2855 quo
212 2781 274 2831 vos
299 2756 407 2831 modo
436 2756 635 2831 incumbere
661 2773 766 2853 atque
791 2755 964 2855 invigilare

115 2871 364 2973 perspicimus?
400 2871 567 2946 Profecto
602 2871 783 2946 neminem.
815 2871 852 2946 ld
877 2897 963 2971 ergo

114 3014 184 3064 non
201 2990 247 3063 ab
263 3014 301 3063 re
319 2988 437 3064 dicere
463 2987 660 3086 poterimus,
678 2988 773 3086 quod
790 2989 836 3064 ub
854 2988 965 3063 Ennio
980 3008 1011 3044 ²⁰

113 3105 243 3181 dictum
260 3129 338 3180 esse
356 3105 501 3180 sortasse
517 3128 580 3178 vos
597 3129 666 3178 non
685 3103 780 3202 fugit,

160 3344 196 3411 (a)
222 3346 344 3409 opinione
365 3346 392 3393 V.
425 3343 460 3406 (ς)
482 3342 605 3407 hysiodus
622 3344 652 3392 C.
692 3343 765 3391 enimi
788 3356 834 3391 om.
853 3343 884 3392 <2
918 3343 964 3391 ob

114 3426 228 3476 tumitete
253 3428 281 3473 V.
340 3424 372 3486 (6.
392 3426 416 3487 7)
437 3423 572 3472 vivendum
601 3424 629 3470 V.
682 3421 732 3484 (ιι)
758 3422 835 3483 haud]
864 3429 907 3470 out
933 3423 962 3472 C.

115 3504 340 3567 unoquolibet]
361 3512 388 3553 et
403 3516 536 3567 equoque
547 3501 577 3566 θ)
594 3503 623 3552 <2
659 3501 709 3564 (18)
726 3516 773 3551 nos
790 3502 820 3553 C.
854 3502 904 3565 (τι)
918 3516 965 3551 vos

114 3585 174 3636 fort.
191 3587 220 3638 C.
