2926 5168
530 1062 589 1105 va

129 1215 340 1289 Veronensis
358 1232 443 1304 erat,
463 1214 521 1312 qui
541 1214 647 1311 magis
660 1214 763 1288 etiam
778 1239 881 1312 quam
897 1217 987 1288 lsota

130 1330 274 1404 austeris
291 1330 498 1404 Christianae
517 1329 689 1427 religionis
703 1329 836 1426 legibus
850 1329 988 1404 deditus

129 1471 207 1520 esse
220 1445 364 1520 videtur.
386 1448 477 1519 Nam
496 1470 704 1543 quamquam
724 1444 798 1542 ipse
816 1445 848 1518 in
867 1445 987 1520 litteris

130 1562 217 1635 inter
233 1586 264 1634 a.
290 1582 374 1661 ¹45¹
398 1578 434 1634 et
458 1562 548 1662 1456
565 1560 609 1634 ad
629 1563 753 1634 lsotam
772 1560 860 1634 datis
883 1577 987 1635 testa-

129 1694 192 1765 tur,
210 1701 249 1751 se
262 1675 377 1751 adhuc
391 1679 565 1774 parvulum
580 1700 676 1773 saepe
690 1701 711 1749 e
725 1675 807 1751 ludo
821 1675 986 1750 litterario

128 1793 174 1869 ad
192 1796 316 1867 lsotam
337 1792 447 1881 ivisse,
466 1816 545 1866 cum
563 1816 606 1865 ea
623 1808 659 1865 et
676 1816 755 1866 cum
774 1790 987 1865 nobilissima

128 1925 237 1982 matre
255 1925 416 2005 nugatum
434 1933 524 1994 esse,
542 1924 578 1980 et
597 1907 628 1979 in
646 1906 720 1980 eius
737 1907 873 1981 libraria
897 1909 987 1981 cella

127 2023 310 2106 assedisse,
330 2023 386 2096 ubi
405 2023 526 2097 dulces
544 2025 689 2121 hymnos
715 2039 751 2096 et
777 2025 984 2119 psalmorum

129 2163 288 2212 numeros
313 2163 390 2212 eam
420 2161 525 2212 suave
555 2153 737 2211 canentem
765 2139 862 2211 laetus
888 2136 985 2212 audi-

127 2254 224 2344 verit,
243 2270 325 2327 tunc
343 2271 456 2327 tamen
474 2253 518 2327 ad
537 2253 731 2351 religiosam
758 2253 860 2326 vitam
887 2253 984 2326 habi-

127 2388 269 2466 tumque
302 2393 490 2443 conversus
531 2368 658 2442 veritus
700 2384 754 2442 est
795 2368 984 2443 invitationi

128 2485 265 2560 leminae
307 2485 517 2560 doctissimae
559 2484 717 2582 obsequi,
756 2510 835 2559 cum
868 2483 983 2559 divum

131 2600 380 2700 Hieronymum
407 2601 538 2698 optime
571 2600 749 2697 scripsisse
783 2626 982 2699 persuasum

127 2718 289 2790 haberet:
319 2715 399 2790 nihil
425 2741 502 2790 esse
529 2715 755 2814 periculosius
780 2716 854 2792 viro
879 2741 981 2814 quam

127 2831 314 2920 mulierem,
334 2831 414 2904 nihil
433 2831 563 2905 mulieri
581 2856 684 2929 quam
711 2832 829 2921 virum,
856 2849 982 2906 utrum·

126 2972 195 3046 que
214 2950 359 3046 paleam,
379 2964 560 3045 utrumque
578 2948 691 3045 ignem
714 2972 802 3021 esse.
813 2958 843 3005 7⁴

176 3063 309 3139 Eodem
336 3063 409 3137 sere
447 3080 605 3160 tempore
643 3065 735 3136 lsota
768 3063 885 3136 lacere
912 3088 981 3136 non

126 3179 237 3276 potuit
255 3178 336 3276 quin
355 3177 533 3251 cuiusdam
547 3177 608 3249 viri
627 3177 722 3251 docti
741 3177 902 3275 precibus
920 3177 982 3251 mi·

125 3318 188 3367 nus
205 3293 325 3366 faciles
341 3317 441 3366 aures
460 3293 641 3389 praeberet.
657 3296 758 3366 Anno
776 3293 866 3365 enim
891 3313 976 3393 1453

124 3410 291 3483 Antonius
309 3410 498 3506 Cugnanus
517 3411 641 3482 lsotam
656 3409 773 3482 litteris
786 3408 860 3482 sine
874 3408 982 3482 dubio

125 3525 380 3623 perhumaniter
396 3525 532 3623 scriptis
545 3524 677 3623 rogavit
692 3541 728 3598 ut
740 3549 835 3598 suam
850 3523 895 3597 de
909 3549 980 3598 ma·

124 3640 285 3714 trimonio
310 3640 515 3714 sententiam
537 3640 601 3713 sibi
625 3639 841 3713 rescriberet.
870 3639 979 3714 Cuius

123 3780 203 3829 cum
223 3754 384 3854 precibus
403 3757 504 3841 lsota,
523 3780 604 3852 quae
631 3754 751 3852 ingrati
778 3771 814 3827 et
838 3755 978 3853 superbi

122 3870 224 3945 animi
251 3871 380 3945 crimen
408 3871 581 3945 incurrere
608 3871 726 3961 noluit,
757 3870 976 3944 annuendum

121 4011 201 4062 esse
214 3985 415 4077 censuisset,
429 3985 599 4060 sententia
612 3985 678 4060 iam
693 3986 726 4058 in
739 3987 875 4059 chartas
893 4011 978 4061 con-

177 4109 238 4182 hora
253 4137 363 4195 Noguolae
377 4140 453 4195 Opera
467 4140 483 4183 l.
855 4142 870 4178 e
