2850 4694
713 594 771 654 226

312 767 367 838 vix
409 764 627 862 reciprocum
670 765 796 838 habeat
829 763 992 863 spiritum.
1043 768 1168 866 Quare

204 882 210 889 “
311 880 411 956 statui
439 882 587 979 posthac
613 905 690 954 raro
716 905 811 955 meas
840 881 994 955 scribere
1024 881 1166 970 litteras,

313 1022 388 1071 nam
403 995 577 1071 accedunt
593 994 638 1070 ad
661 998 730 1070 hoc
747 997 813 1071 alie
831 1021 913 1071 cure
932 997 1167 1073 intercluden-

313 1128 374 1186 tes.
403 1110 549 1213 Quesivi
568 1128 658 1186 tuam
681 1111 726 1187 ad
744 1112 952 1187 cardinalem
970 1113 1165 1211 epistulam,

287 1252 414 1325 squam
428 1226 522 1301 domi
542 1227 657 1301 habeo
675 1229 849 1318 latentem,
868 1254 937 1326 que
955 1252 1034 1302 cum
1052 1253 1166 1302 emer-

311 1343 405 1433 serit,
432 1341 525 1417 illico
552 1341 611 1415 tibi
630 1342 731 1417 missa
749 1343 889 1440 patebit.
908 1345 995 1417 Vale
1012 1360 1049 1417 et
1066 1344 1164 1418 matri

312 1475 348 1531 et
374 1457 531 1532 fratribus
556 1475 592 1531 et
618 1457 683 1532 tuis
709 1457 867 1533 omnibus
893 1483 948 1532 me
973 1459 1160 1534 comenda.

313 1573 378 1647 Tui
401 1589 548 1671 nepotes
567 1574 658 1647 belle
676 1575 798 1647 valent.
821 1574 943 1648 Dicito
960 1574 1163 1649 dulcissimo

313 1689 404 1763 fratri
422 1692 499 1762 Ant.
515 1688 628 1763 verbis
647 1689 730 1762 meis
748 1688 844 1786 quod
858 1690 949 1763 bella
959 1707 1082 1788 gerant
1096 1690 1162 1777 alii,

270 1805 548 1878 10Prothesilaus
573 1807 675 1878 ame‘t.
703 1804 929 1879 Comendato
954 1831 1010 1878 me
1033 1808 1164 1881 Iacobo

314 1921 511 2017 Lavagnolo
524 1935 561 1993 et
574 1919 674 2018 iugali
684 1920 920 1995 amantissimis
929 1921 1164 2019 compatribus

312 2035 406 2111 meis.
431 2037 554 2109 lterum
576 2036 661 2109 vale.
691 2037 741 2109 Ex
762 2038 902 2110 Verona
927 2038 1087 2111 xxvln.
1114 2040 1163 2111 la·

313 2149 417 2223 nuarii
448 2175 547 2247 ¹439·

311 2352 336 2412 Α
351 2356 421 2433 tergo
432 2373 443 2412 .·
454 2351 610 2414 Generose
624 2363 655 2413 et
668 2351 825 2415 clarissime
835 2353 935 2433 virgini
948 2352 1071 2415 domino
1086 2356 1163 2415 [sote

456 2448 663 2530 deNogarolis
672 2467 726 2511 sue
736 2461 946 2532 supmoeteras
955 2452 1159 2514 amantissime.

356 2653 406 2715 (12)
429 2655 485 2702 vele
504 2652 530 2701 in
553 2653 576 2703 C
598 2666 661 2703 nunc
684 2653 754 2704 deest.
788 2655 837 2717 (ιι.
856 2653 893 2716 13)
909 2653 959 2703 Sub
979 2667 1034 2704 noa
1057 2656 1164 2705 lanuarii

310 2731 342 2780 ab
358 2731 408 2781 alia
424 2745 497 2781 manu
512 2731 614 2783 eiusdem
629 2732 707 2783 amis
724 2735 791 2783 Isou
808 2734 940 2798 Nogeroh
954 2733 1100 2798 adscriptum
1110 2734 1165 2800 legi·

310 2813 355 2864 tur.
389 2810 439 2874 (¹⁴)
456 2813 515 2875 Lege
531 2811 642 2868 domine.
733 2866 737 2875 ,
