2850 4694
554 592 585 638 cl

147 743 200 793 suis
224 743 350 807 legitimis,
376 752 403 794 et
426 745 582 796 mturslibus
606 759 637 796 ex
661 746 730 798 dicte
754 749 788 797 D.
807 747 891 810 clere,
909 756 936 800 et
952 751 1005 800 cui·

147 824 209 872 libet
236 836 324 873 eurum
351 835 410 875 cum
433 823 533 874 nubere
557 824 718 889 contingerit,
745 839 790 878 ees
814 835 841 879 et
864 830 1005 891 quemlibet

147 917 234 953 eurum
259 902 315 953 deri
334 902 436 954 debere
452 918 502 968 pro
519 903 649 956 Doctibus
664 906 718 956 suis
735 908 851 958 Ducstos
867 918 1005 960 sexcentos

147 982 209 1032 Auri
235 983 305 1044 boni,
330 991 357 1032 et
376 982 435 1043 iusti
450 983 575 1047 ponderis
591 998 641 1047 pro
657 997 771 1048 qusque,
790 993 816 1036 et
833 1000 882 1049 pro
899 988 1005 1038 cuilibet

147 1064 218 1113 Dote
244 1061 279 1111 de
303 1061 379 1112 bonis
394 1062 456 1122 suis,
482 1070 509 1112 et
526 1062 687 1114 lisereditute
704 1078 780 1127 quum
796 1074 880 1116 temen
898 1068 1004 1128 Dotem,

146 1152 173 1194 et
196 1158 318 1194 summum
335 1152 515 1195 sexcentorum
539 1146 698 1194 Ducstorum
714 1158 764 1208 pro
779 1158 891 1209 queque
906 1160 1004 1211 sugere

146 1225 245 1287 possint
268 1224 384 1275 commis
407 1224 461 1273 suis
485 1223 636 1288 infrascripti
655 1237 737 1286 usque
753 1223 786 1275 ed
805 1226 922 1276 Ducutos
937 1227 1005 1278 mille

146 1304 217 1363 Auri,
243 1303 264 1353 si
288 1303 327 1353 eis
350 1302 484 1365 placuerit,
509 1311 536 1353 et
552 1316 628 1366 quem
646 1305 743 1354 Dotem
758 1317 856 1369 sugere
872 1306 1006 1357 meluerint

147 1385 262 1435 similiter
278 1385 418 1446 unicuique
435 1397 523 1434 esrum
541 1383 655 1446 reliquit,
674 1392 701 1434 et
718 1386 812 1449 legeuit
825 1399 876 1450 pro
892 1385 1006 1447 deneriis

148 1464 254 1528 quondo
277 1464 411 1528 nupserint
436 1465 554 1514 Ducstos
578 1463 706 1514 ducentos
730 1466 793 1514 Auri
816 1465 887 1525 boni,
905 1474 933 1516 et
947 1465 1006 1517 iusti

147 1545 291 1609 ponderis;
315 1545 383 1607 Qum
408 1545 483 1594 etism
505 1544 612 1596 ueneris
634 1544 743 1595 erbitrio
766 1544 1006 1596 Commiscsriorum

147 1625 235 1689 sugeri
260 1625 368 1688 pomini,
392 1624 413 1674 si
437 1637 502 1675 vero
523 1624 609 1687 ulique
632 1637 665 1675 ex
687 1625 735 1685 sis,
760 1633 805 1675 eut
828 1638 919 1676 omnes
934 1626 1007 1689 qood

148 1707 223 1756 Deus
238 1713 340 1755 euertat
355 1713 415 1755 ente
428 1705 617 1755 Matrimonium
628 1704 773 1766 decederit,
786 1718 832 1755 eeu
844 1705 1006 1757 decederent

147 1787 171 1834 in
199 1784 376 1847 infrascriptos
399 1783 523 1834 Heredes
546 1792 701 1834 remsnesnt.
725 1784 802 1836 Tunc
822 1785 919 1849 Legets
940 1786 1004 1849 ipse,

148 1878 196 1915 seu
221 1865 345 1928 Legetum
359 1863 543 1915 decedentium
560 1865 601 1915 cui
617 1864 771 1916 decedentis
786 1865 807 1915 si
824 1877 903 1916 ceusu
915 1865 1008 1916 Teste-

148 1947 226 1996 menti
243 1945 369 1996 lucionem
386 1945 490 2006 hebent,
509 1953 536 1996 et
552 1946 681 2007 interme,
699 1947 739 1995 vel
757 1945 876 1995 intestato
891 1945 1006 1996 decede·

148 2027 204 2075 rint.
230 2025 256 2075 st
279 2038 344 2075 vero
368 2024 470 2075 Testari
487 2024 623 2085 voluerint,
642 2032 669 2074 et
685 2023 818 2088 potuerint
832 2023 867 2075 de
883 2024 1007 2075 trecentis

146 2114 242 2156 tuntum
267 2104 331 2156 Auri
347 2112 408 2155 unte
425 2105 614 2155 Matrimonium
634 2105 718 2168 ipsum
733 2104 844 2155 testendi
861 2103 1005 2155 uculutem

149 2187 258 2237 lubesnt
286 2184 392 2236 residuo
419 2185 575 2249 Legstorum
603 2184 763 2235 Heredibus
788 2191 955 2247 remenente;
978 2184 1005 2235 si

147 2273 233 2317 eutem
250 2299 437 2315 ........
452 2265 613 2329 Religionem
622 2277 698 2327 quum
711 2263 899 2315 Mutrimonium
909 2264 1004 2327 diique,

147 2348 188 2396 vel
204 2346 297 2408 ulique
314 2346 519 2406 effectueuerint,
537 2353 565 2395 et
582 2345 767 2395 Monesterium
784 2344 943 2409 ingredetur,
960 2352 1006 2396 eut

148 2427 345 2491 ingrederentur
359 2434 420 2476 tunc
436 2425 598 2490 ingredienti,
616 2428 658 2475 vel
674 2425 878 2490 ingredientibus
899 2425 1005 2475 cuilibet

148 2515 243 2556 tuntum
259 2513 391 2556 trecentos
407 2507 509 2556 Aureus
527 2505 625 2568 Legsti,
643 2512 670 2554 et
688 2504 852 2554 lnstitutionis
867 2503 931 2555 lure
947 2505 1005 2554 reli·

149 2588 212 2650 quit.
236 2587 261 2637 Si
285 2598 349 2637 uero
374 2586 491 2645 Neutro,
510 2594 538 2637 et
553 2585 658 2636 duobus
674 2585 809 2649 elligerint,
826 2593 870 2635 sut
884 2584 1003 2649 elligerit,

149 2678 175 2719 et
202 2667 265 2729 iuris
292 2666 443 2728 Genitricss,
469 2669 511 2717 uel
539 2666 671 2716 Fretribus
697 2665 863 2729 inirescrlptls
889 2665 1006 2717 liebitcre

148 2747 284 2807 voluerint,
306 2746 430 2806 iunceis,
448 2755 475 2798 et
491 2746 596 2797 cuilibet
613 2759 701 2797 esrum
717 2744 813 2796 eodem
825 2744 888 2796 lure
906 2745 1005 2810 Legetl,

150 2835 176 2877 et
201 2826 368 2878 institutionis
384 2827 488 2890 reliquit
504 2826 614 2886 Victum,
633 2833 660 2876 et
676 2825 802 2876 Vestitum
818 2823 1004 2884 condecenter,

149 2916 175 2958 et
199 2905 339 2958 honorifice
355 2907 425 2970 opud
449 2920 498 2959 eos
514 2907 538 2956 lu
555 2908 643 2958 Domo
660 2919 751 2957 eorum
767 2906 883 2955 Fratrum
900 2904 1006 2954 meliten

150 2988 266 3051 prestun
282 2995 308 3038 et
322 2987 430 3048 exiberi,
443 2988 467 3037 in
479 2988 574 3051 quibus
584 2987 703 3038 omnibus
713 2984 853 3050 ommissis
863 2982 1005 3034 secundum

149 3081 236 3118 mum
259 3067 448 3132 contingentem
465 3074 494 3117 ut
515 3080 602 3131 cupre,
620 3079 667 3117 sus
682 3065 736 3116 suis
751 3077 913 3130 cognoscere
930 3063 1006 3113 relie-

151 3147 233 3198 rendo
247 3146 315 3212 ipses
325 3147 400 3198 Filius
415 3159 483 3206 sues,
501 3152 528 3198 et
544 3145 685 3210 quemlibet
700 3157 789 3194 eurum
804 3143 854 3193 sibi
865 3141 1003 3204 Heredes,

149 3236 177 3278 et
200 3227 341 3279 Heredem
363 3227 431 3288 lecit,
455 3236 482 3277 et
499 3227 612 3287 instituit,
630 3239 661 3277 uc
676 3238 736 3276 esse
749 3223 837 3275 voluit.
853 3222 961 3285 iubens,
979 3232 1006 3275 et

151 3307 270 3358 mendene
301 3309 378 3370 ipsus,
405 3316 431 3356 et
453 3306 594 3370 quemlibet
618 3318 705 3355 esrum
729 3304 827 3362 tecitss,
853 3308 880 3352 et
904 3299 1005 3350 tecltsm

151 3388 207 3439 lore
231 3395 258 3438 et
282 3401 342 3438 esse
364 3387 466 3438 debere
488 3387 524 3438 de
546 3385 622 3447 omni,
649 3392 676 3435 ct
700 3391 757 3434 toto
773 3380 896 3444 eoquod
912 3388 1007 3449 petere

151 3476 256 3530 possem
273 3474 317 3518 sut
333 3468 431 3519 nubere
446 3466 576 3518 deberem
592 3466 617 3515 in
633 3465 720 3527 Bonis,
739 3472 766 3514 et
783 3463 914 3539 Fecultete
925 3459 1005 3523 ipsius

151 3547 293 3598 Testutoris
307 3555 356 3596 tem
374 3548 471 3598 retlone
487 3547 617 3611 legitime
633 3544 729 3596 debite
743 3543 806 3592 iure
822 3547 929 3599 nutura,
947 3537 1004 3586 Tri·
