2850 4694
798 895 955 966 XXXV.¹

620 1238 751 1297 (Venetiis,
770 1251 857 1288 rnense
874 1237 990 1287 Ianuario
1004 1252 1026 1286 a.
1048 1239 1126 1299 1439.)

509 1552 598 1622 Isota
615 1548 783 1646 Nogarola
801 1547 940 1636 Eusebia
958 1552 1064 1646 Burgo
1080 1551 1112 1622 S.
1131 1552 1180 1621 D.
1201 1552 1239 1622 P.

621 1928 766 1979 narrrnn
792 1903 856 1978 ista
881 1922 937 1977 tua
962 1903 1159 1979 suavissima
1190 1932 1299 2004 nuper

422 2063 431 2112 ς
644 2020 758 2096 adme
771 2021 871 2095 allata
884 2045 1096 2118 magnopere
1110 2045 1165 2094 nne
1178 2021 1298 2096 delec-

645 2153 811 2225 taverunt,
836 2153 872 2210 et
901 2162 979 2210 cum
1010 2160 1129 2210 eorum
1159 2162 1295 2211 sensum

447 2252 566 2349 cogito
592 2279 660 2326 non
688 2277 825 2350 possum
854 2277 921 2325 non
947 2251 1114 2326 admirari.
1148 2252 1297 2328 Omissis

446 2367 536 2441 enirn
563 2368 659 2466 quasi
685 2368 811 2442 ceteris
836 2367 954 2441 studiis
979 2367 1023 2441 ad
1050 2370 1118 2441 hoc
1142 2393 1242 2442 unum
1263 2387 1297 2443 te

446 2483 652 2582 comparasti
678 2502 783 2582 atque
813 2482 1010 2574 exercuisti,
1029 2501 1065 2557 ut
1080 2483 1295 2560 versificandi

403 2643 433 2680 10
446 2598 642 2673 facultatem
686 2598 903 2673 nanciscaris.
950 2600 1040 2673 Nam
1083 2615 1202 2674 noster
1240 2600 1296 2673 ille

446 2714 572 2790 Ennius
586 2733 709 2815 poetas
726 2733 865 2791 sanctos
883 2718 1045 2814 appellat,
1063 2714 1160 2814 quod
1177 2716 1296 2815 aliquo

445 2829 588 2905 deorum
627 2858 768 2907 munere
806 2831 1036 2908 commendati
1077 2831 1175 2906 nobis
1217 2857 1297 2906 esse

444 2946 632 3038 videantur,
651 2965 687 3022 et
707 2973 728 3023 a
746 2949 922 3023 Cicerone
940 2948 1137 3023 dictumest
1154 2965 1294 3045 poetam

492 3150 563 3200 Extat
591 3151 614 3200 in
639 3151 732 3202 codice
755 3151 924 3202 Ambrosiano
947 3150 989 3216 (Α)
1009 3159 1036 3201 et
1061 3151 1230 3202 Riccardiano
1255 3167 1293 3201 nr.

443 3230 576 3373 wigii).
596 3312 625 3360 Ρ.
649 3326 695 3361 om.
722 3314 750 3361 A.
792 3313 826 3376 (⁴)
843 3313 898 3376 ipsa
912 3315 941 3362 A.
976 3311 1008 3376 (ς.
1027 3312 1052 3375 ό)
1069 3326 1149 3376 magn.
1167 3312 1225 3376 (orn.
1245 3314 1296 3375 nne)

442 3389 603 3441 delectarunt
613 3394 642 3441 A.
676 3391 889 3455 (nammissisk.
923 3393 1092 3456 (fljenimnnr.
1109 3393 1140 3441 R.
1175 3391 1297 3455 (romn-

443 3471 541 3520 riscaris
557 3475 585 3530 A,
605 3472 739 3522 naciscaris
755 3474 787 3524 R.
829 3473 879 3537 (rr)
902 3482 1003 3524 unctos
1026 3486 1072 3523 orn.
1101 3474 1133 3524 R.
1158 3473 1236 3537 aliqui
1262 3475 1294 3524 R.

444 3553 606 3617 (12)nunrine
622 3556 650 3603 Α.
