2850 4694
671 628 726 689 ¹79

271 781 456 856 admirarer
482 781 653 880 ingenium
680 798 773 856 tuum
807 806 1044 879 summamque
1069 779 1121 854 di-

271 896 374 971 cendi
401 897 608 987 facultatem,
626 895 766 970 decrevi
792 896 933 972 omnino
954 895 1034 970 huic
1052 912 1121 970 tuae

269 1011 314 1088 ad
339 1038 504 1087 summam
521 1011 664 1111 gloriam
683 1011 790 1110 magis
806 1036 849 1085 ac
867 1010 974 1110 magis
991 1010 1024 1085 in
1046 1010 1121 1087 dies

270 1129 466 1204 florescenti
501 1127 672 1203 sacundiae
703 1127 787 1203 meis
816 1127 935 1202 litteris
968 1126 1121 1225 aliquan-

270 1248 375 1320 tulum
402 1245 642 1343 congratulari,
664 1260 700 1318 et
718 1243 907 1342 praesertim
926 1242 999 1334 tibi,
1017 1268 1120 1340 quam
1152 1267 1162 1320 t

270 1362 387 1434 hercle
405 1359 524 1434 mirum
542 1376 596 1434 est
613 1358 645 1432 in
664 1361 730 1434 hac
748 1375 864 1435 nostra
880 1374 995 1449 aetate,
1005 1357 1037 1432 in
1052 1383 1121 1455 qua

270 1474 552 1550 nobilissimarum
591 1475 711 1549 artium
745 1473 857 1550 studia
892 1473 1118 1549 miserabilem

268 1608 346 1666 sunt
372 1615 472 1690 passa
494 1590 669 1682 iacturam,
689 1606 814 1665 tantam
834 1590 867 1664 in
885 1588 1038 1664 dicendo
1056 1614 1120 1688 po

269 1707 373 1782 tuisse
382 1706 550 1803 consequi
560 1706 768 1780 facultatem.
785 1705 917 1781 Etenim
931 1705 958 1780 si
972 1705 1120 1781 maiores

270 1822 374 1897 nostri
402 1822 531 1896 infinita
555 1837 660 1919 atque
687 1820 921 1896 innumerabili
941 1819 1120 1918 magistro·
1135 1847 1165 1885 ιο

269 1964 341 2013 rum
368 1939 477 2028 turba,
514 1962 636 2036 magna
661 1936 865 2012 discentium
893 1934 1118 2027 multitudine,

268 2079 346 2130 cum
373 2052 581 2152 amplissima
605 2051 816 2149 eloquentiae
842 2050 983 2149 praenia
1003 2068 1120 2126 essent

268 2168 446 2268 proposita
458 2185 494 2242 et
512 2168 647 2267 ingenia
654 2191 775 2242 eorum
789 2166 964 2241 hominum
978 2169 1118 2242 multum

268 2283 391 2359 nostris
409 2283 604 2358 hominibus
618 2299 830 2381 praestarent‚
845 2306 977 2381 paucos
991 2298 1118 2358 testen-

268 2416 320 2474 tur
332 2399 472 2497 singulis
488 2398 648 2473 aetatibus
665 2398 818 2473 extitisse
837 2397 869 2471 in
887 2396 1041 2473 dicendo
1057 2423 1118 2472 ex·
1134 2420 1160 2474 ιι

267 2517 432 2590 cellentes
440 2514 681 2612 viros,quanto
691 2513 874 2589 mirabilius
883 2512 990 2588 debet
998 2513 1117 2605 videri,

267 2655 344 2705 cum
364 2632 455 2705 nulla
471 2647 662 2705 ceterarum
680 2630 801 2705 artium
818 2629 930 2705 studia
943 2630 995 2705 his
1009 2629 1118 2706 minus

265 2746 403 2846 vigeant
427 2770 470 2821 ac
496 2749 610 2845 plures
635 2770 751 2821 causae
776 2771 857 2843 quae
878 2745 1025 2821 maiores
1054 2770 1117 2822 no-

312 3029 347 3092 (ι)
371 3027 519 3079 omnimodo
535 3029 587 3078 BV.
630 3028 665 3092 (ς)
684 3028 802 3092 molari
824 3029 853 3077 R
896 3027 930 3090 (6)
947 3027 1053 3078 barcula
1076 3028 1114 3078 Μ.

265 3108 300 3172 (8)
323 3122 398 3172 pesse
420 3115 479 3157 sunt
504 3109 536 3158 G.
578 3121 656 3172 possa
672 3109 724 3158 ΞΥ.
758 3115 904 3170 tantumque
924 3108 951 3156 V.
986 3107 1052 3170 (8.9)
1070 3121 1116 3171 po

266 3189 346 3240 tuisse
362 3189 386 3238 in
403 3188 516 3239 dicendo
532 3188 562 3238 c.
605 3187 638 3251 (9)
655 3188 748 3251 exequi
765 3188 820 3247 cv,
835 3188 938 3250 assequi
956 3188 984 3237 Ε
1018 3186 1068 3251 (ιο)
1090 3188 1115 3237 in

265 3269 358 3318 inllnits
385 3269 450 3319 GM.
492 3268 683 3332 incomparabili
708 3269 736 3317 Ε.
780 3266 831 3331 (ιι)
852 3267 1051 3318 discernentium
1079 3269 1113 3318 G.

264 3348 314 3412 (ιι)
331 3348 479 3410 eloquentis
497 3348 561 3398 GM.
603 3354 673 3397 esset
689 3347 719 3398 C.
761 3347 811 3411 (ιι)
828 3347 961 3411 preposita
980 3347 1010 3397 c.
1045 3348 1113 3398 bom.

265 3442 355 3480 eorum
372 3429 402 3487 C.
422 3430 512 3479 horum
530 3429 597 3478 bom.
615 3427 679 3477 GM.
714 3429 871 3490 multumque
891 3428 919 3476 V.
954 3425 1003 3489 (ιι)
1020 3439 1115 3489 paucas

265 3509 318 3558 BV.
352 3507 402 3573 (rt)
420 3508 547 3558 exstitisse
564 3507 594 3558 G
628 3507 679 3571 (ιγ)
704 3508 771 3557 nulls
785 3520 832 3558 om.
851 3506 881 3557 C
916 3515 1067 3557 uicturum
1084 3507 1113 3555 Β

266 3586 313 3638 tuis
328 3588 362 3639 G.
395 3586 445 3651 (ιθ)
461 3601 560 3639 causa·
575 3587 606 3638 E.

964 3694 1007 3743 ιι·
