2850 4694
518 570 583 622 cvii

124 729 236 780 docendi
260 736 287 778 et
308 743 338 778 se
360 728 443 792 ipsum
465 728 611 779 instituendi
634 729 733 779 ratione
749 742 781 779 ec
804 730 844 779 vis
867 728 977 792 accepit.

125 812 232 860 Ineunte
247 823 315 859 enno
326 811 528 870 immunitum
546 811 617 872 cepit
633 812 718 860 locum
730 811 841 861 mutendi
853 820 880 861 et
894 814 979 875 legum

124 891 211 940 studio
227 903 257 938 se
271 889 399 949 trudendi,
418 889 466 939 sed
483 902 541 939 eum
557 890 688 952 eliquanto
704 898 763 952 post
779 890 917 953 Teglecius
933 905 977 940 ne·

123 971 265 1031 sciturque
276 982 353 1019 ceusu
364 977 508 1019 commotus
521 970 661 1018 Bononiam
673 983 702 1017 se
718 983 776 1019 cum
792 970 845 1019 suis
859 972 979 1020 contulis-

123 1057 172 1109 set,
190 1062 248 1098 eum
270 1050 319 1098 ltuc
340 1061 449 1111 quoque
471 1056 576 1098 secutus
593 1057 640 1098 est.
674 1051 766 1099 Mense
788 1054 906 1113 Augusto
931 1050 978 1098 inm

124 1128 247 1178 Bononioe
270 1141 329 1177 eum
353 1128 432 1178 luisse
456 1136 564 1189 constet,
584 1129 672 1190 ibique
694 1129 770 1177 etiem
787 1142 835 1191 per
852 1129 973 1179 melotem

122 1209 179 1256 enni
207 1209 266 1267 1428
290 1217 388 1270 perlem
412 1217 585 1258 commoratus
609 1217 656 1267 est,
686 1209 746 1258 dum
772 1207 881 1258 fortusse
908 1217 978 1258 metu

123 1288 256 1339 seditionis
272 1302 360 1338 mense
376 1291 493 1352 Augusto
508 1298 596 1339 contre
612 1289 810 1339 dominationem
827 1289 979 1353 pontificium

125 1377 203 1418 moue
218 1369 372 1417 florentium
389 1382 418 1418 se
435 1370 550 1428 contulit,
570 1370 612 1419 ubi
627 1369 712 1419 edituo
723 1383 745 1418 e.
762 1380 823 1429 1430
834 1368 887 1418 luit.
902 1369 978 1418 ileud

124 1449 158 1497 itu
174 1450 253 1498 multo
270 1454 329 1510 post
347 1448 370 1496 in
388 1449 492 1512 putrium
510 1462 631 1497 reversus
648 1462 707 1498 esse
723 1448 834 1506 videtur,
847 1457 873 1497 et
886 1449 979 1511 probe·

125 1529 182 1577 bilis
207 1537 247 1578 est
271 1528 419 1579 coniectura
434 1543 493 1578 eum
511 1530 544 1578 lbi
561 1543 611 1579 non
627 1529 689 1579 ludo
706 1530 829 1579 litterario
845 1529 979 1592 prteiulsse

123 1608 170 1657 sed
195 1615 277 1658 totum
301 1621 330 1657 se
357 1609 496 1672 Nogerole
513 1609 612 1658 lumilite
636 1608 751 1659 dedisse.
781 1611 929 1659 Pestilentia
952 1618 978 1658 et

125 1691 194 1740 bello
216 1703 276 1739 eum
300 1703 409 1751 quoque
434 1698 459 1738 ut
485 1691 613 1739 Veronam
638 1691 796 1753 relinqueret
813 1698 838 1739 et
856 1691 979 1739 venetius

123 1768 192 1830 (num
210 1781 332 1818 unacum
350 1769 482 1832 Nogerole
498 1776 575 1832 gente
585 1769 605 1831 l)
623 1783 653 1818 se
669 1769 799 1819 conterret
818 1771 978 1831 compulsum

123 1862 184 1897 esse
192 1863 223 1898 ex
232 1849 336 1898 Guerini
343 1850 539 1912 epistolesuprn
546 1849 647 1899 leudets
654 1852 749 1899 elucet.
760 1851 882 1911 Denique
891 1857 978 1899 notun·

124 1928 184 1977 dum
201 1937 241 1977 est
250 1942 272 1978 ι.
286 1928 345 1988 1428
354 1943 413 1978 eum
425 1929 569 1992 religiosam
578 1930 653 1978 vitem
663 1930 835 1992 emplectendi
847 1931 978 1979 consitium

108 2009 227 2079 vcepisse
244 2016 271 2058 et
287 2022 375 2058 mense
392 2009 537 2071 Septembri
553 2011 594 2058 vel
609 2009 720 2059 Octobri
736 2024 759 2060 ι.
784 2020 841 2070 1435
865 2011 977 2058 Veronae

125 2089 260 2138 Frencisco
271 2088 386 2138 Berbero
398 2095 510 2152 praetura
518 2102 547 2138 se
555 2089 683 2138 ebdioenti
695 2089 800 2151 publico
809 2089 911 2139 nomine
920 2102 977 2139 ore·

123 2168 218 2218 tionem
236 2169 364 2227 innuisse,
390 2182 450 2231 que
472 2183 521 2218 unu
536 2182 595 2218 cum
611 2183 656 2218 sex
671 2169 726 2218 eliis
743 2169 859 2218 eiusdem
877 2169 976 2218 Martini

124 2249 283 2298 orationibus
299 2248 424 2299 Rovereti
437 2249 460 2297 in
470 2247 563 2299 codice
572 2249 672 2298 abbatis
681 2249 830 2312 Hieronymi
838 2249 975 2298 Tartarolti

123 2335 150 2376 et
159 2328 273 2377 venetiis
284 2328 308 2377 ln
317 2328 410 2378 codice
421 2328 506 2378 lecobl
514 2329 626 2378 Sorenzo
635 2328 737 2379 extubet
746 2329 787 2392 (ci.
801 2329 974 2387 Muzucllelli

124 2407 166 2458 Gli
184 2408 300 2458 scrittori
317 2408 410 2458 lulloni
428 2409 459 2468 tl,
478 2420 495 2457 t.
515 2411 558 2469 πός
576 2416 638 2459 notu
654 2409 702 2473 26).
723 2411 857 2459 Preteree
874 2409 976 2458 Martini

124 2488 280 2538 Veronensis
296 2488 405 2551 epistole
420 2489 453 2539 ed
471 2489 611 2539 Guarinum
627 2490 722 2551 scripu
739 2490 832 2552 legitur
846 2489 870 2536 in
884 2487 977 2538 codice

124 2567 246 2617 Vetlceno
264 2571 323 2632 51²⁶
340 2568 382 2618 iol.
403 2581 455 2629 144,
475 2582 507 2618 ex
523 2582 577 2630 quo
591 2569 703 2618 enotavit
718 2568 854 2618 Sebbedini
865 2568 899 2629 (in
910 2568 977 2617 libro

123 2659 202 2709 supra
210 2647 313 2698 leudsto
321 2661 347 2710 p.
360 2650 465 2711 15,loco
481 2649 610 2709 XXXV.;
626 2649 737 2710 epistole
752 2650 800 2698 inc.
820 2649 910 2696 eBines
928 2649 977 2697 ltoc

124 2732 243 2790 tempore
264 2727 361 2776 litteras
382 2736 426 2777 tun
441 2728 475 2776 ab
498 2729 664 2778 humanitate·
689 2736 715 2777 et
731 2727 791 2776 dett
806 2735 847 2777 est
863 2728 977 2776 venetiis

124 2806 182 2855 xll.
197 2807 252 2856 Knl.
263 2807 351 2871 Nou),
369 2807 483 2869 dentque
501 2808 607 2859 ·0ruto
625 2807 725 2858 Martini
740 2808 897 2857 veronensis
914 2821 976 2869 nup

124 2886 187 2935 tiells
211 2886 319 2937 feliciter
342 2888 442 2951 incipit·
472 2888 535 2938 lolio
559 2889 620 2938 illua
647 2886 746 2938 codicis
769 2887 977 2937 vindobonensis

126 2978 187 3026 mo
202 2966 280 3030 (expi.
300 2966 343 3017 iol.
364 2967 444 3031 187lr)‚
460 2981 520 3029 que
536 2969 569 3018 sb
583 2975 690 3018 suetore
707 2968 730 3016 in
748 2967 841 3031 nuptiis
859 2967 976 3017 Federici

125 3046 298 3097 Cestelberoe
320 3055 348 3097 et
371 3048 533 3111 Elysnbetboe
559 3049 724 3098 Frecnstorlo
749 3048 833 3096 linbite
857 3056 904 3096 est.
923 3049 977 3096 Alie

124 3125 228 3176 cunni
238 3126 271 3177 ud
287 3127 422 3177 Martinum
433 3129 543 3191 epistole
557 3143 573 3177 u
589 3128 708 3192 Remigio
723 3127 859 3178 Snbbedini
876 3129 900 3176 in
911 3128 977 3177 libro

124 3218 201 3268 supra
218 3206 321 3257 leudsto
337 3208 403 3270 p.4ll
420 3210 479 3258 loco
496 3209 727 3258 Dxxv.ntlertur.
747 3208 870 3257 Ceterum
887 3209 977 3257 confer

124 3284 269 3347 Scipionem
286 3287 373 3336 Mellel
389 3288 413 3335 in
430 3288 532 3337 Verona
550 3289 672 3337 lllustmte
691 3289 723 3347 lt,
741 3290 783 3336 lll.
802 3301 827 3350 p.
847 3288 908 3348 278:
927 3290 976 3349 «Du

127 3366 238 3415 Murtino
256 3366 359 3416 Rizzonl
383 3366 426 3429 piit
443 3367 562 3417 omioni
579 3366 613 3416 ed
629 3368 684 3415 nltri
701 3368 722 3416 sl
739 3367 791 3416 letti
808 3368 887 3415 scritti
905 3367 977 3416 ritro

125 3447 193 3494 vensi
210 3446 249 3495 ne’
270 3447 328 3495 testi
350 3460 365 3496 ι
387 3460 489 3508 penne:
506 3448 593 3497 liorivn
609 3448 696 3496 l’anno
712 3459 795 3505 uuo·
815 3445 885 3495 idem
902 3460 926 3509 p.
945 3460 976 3505 9⁴
