2850 4694
632 881 761 956 XLIX.

336 1142 468 1202 (Veronae,
487 1143 530 1191 die
547 1143 633 1192 XXX.
652 1146 746 1194 mensis
762 1146 916 1196 Novembris
928 1161 952 1196 a.
971 1150 1049 1211 ¹⁴4⁰·l
1085 1110 1087 1115 Ι

267 1365 456 1437 Damianus
472 1369 597 1463 Burgus
617 1367 805 1440 Veronensis
817 1369 993 1442 clarissime
1013 1380 1044 1444 el
1063 1397 1117 1444 sa·

296 1480 493 1579 pientissima
509 1481 620 1579 uirgini
635 1483 721 1556 Isote
738 1483 780 1556 de
796 1485 971 1582 Nogurolt's
987 1511 1022 1558 se
1033 1486 1081 1584 pl.

603 1597 781 1671 comendut.
1148 1648 1158 1703 ς

442 1904 554 1969 natm,
582 1880 805 1955 vehementer
843 1881 984 1972 mireris,
1020 1881 1116 1980 quod

464 2019 542 2069 curn
561 2020 583 2069 a
599 2011 633 2069 te
652 1996 717 2069 iam
736 1995 865 2070 dudum
878 2022 947 2094 ego
961 2021 1116 2071 recesse-

464 2112 537 2200 rim,
549 2113 715 2185 hactenus
728 2111 858 2185 crebris
872 2111 1117 2209 frequentanti-

268 2229 330 2300 bus
340 2224 914 2300 tabbellariisscriberedistulerim.
926 2224 995 2299 Sed
1006 2226 1115 2301 mirari

266 2341 416 2432 desines,
426 2365 505 2414 cum
521 2338 639 2414 audias
657 2366 712 2414 me
730 2341 859 2414 circum
873 2343 985 2415 lacum
995 2341 1116 2417 Garde
1133 2383 1163 2423 10

265 2458 378 2532 statim
406 2474 441 2530 ut
458 2459 630 2530 Veronam
649 2456 725 2529 veni
744 2481 823 2530 cum
841 2457 1045 2531 Camerario
1063 2484 1117 2532 er-

267 2598 371 2664 rasse,
407 2573 463 2646 ubi
495 2597 562 2646 non
594 2573 677 2646 llere
709 2597 776 2646 non
812 2572 907 2670 potui
943 2572 1117 2648 audiendo

266 2689 478 2763 calamitates
503 2705 540 2761 et
566 2687 716 2763 miserias
742 2686 976 2786 indigenarum
1006 2713 1049 2764 ac
1069 2690 1117 2762 l-

267 2804 410 2877 melicos
451 2803 595 2877 eiulatus
626 2820 662 2877 et
692 2803 916 2878 necessitates
946 2820 1117 2879 extremas

266 2935 334 2991 tam
369 2918 572 2991 velaminum
607 2943 710 3015 quam
745 2918 905 2992 cubilium
941 2936 977 2992 et
1013 2944 1117 3018 super
1132 2960 1159 3013 ις

266 3034 381 3107 omnia
407 3034 545 3131 peiores
571 3032 711 3108 dolores
737 3059 839 3132 quam
867 3034 994 3107 mortis.
1025 3037 1115 3109 Nam

267 3149 352 3221 mori
382 3149 578 3222 maluissent
603 3173 706 3245 quarn
742 3148 867 3222 semine
902 3149 1047 3248 virgines
1082 3168 1117 3225 et

266 3264 395 3363 iugales
420 3288 462 3338 ac
489 3262 590 3337 vidue
616 3265 742 3338 violate
769 3265 909 3338 fuissent
938 3281 975 3338 et
999 3291 1116 3340 earum

267 3379 379 3478 pudor
405 3397 520 3479 raptus
537 3398 640 3455 esset.
664 3381 799 3455 lnterea
816 3379 896 3454 dum
915 3384 1027 3456 lacum
1046 3407 1118 3456 arn-

266 3497 426 3576 biremus.
445 3497 529 3594 lapsi
556 3521 576 3571 a
602 3497 701 3570 litore
722 3497 888 3570 Brixiensi
913 3496 957 3571 ad
977 3499 1118 3571 Pratum
