2850 4694
602 892 775 964 XXXIX.
852 921 865 945 ·

453 1199 586 1257 (Venetis,
604 1213 692 1249 mense
707 1201 788 1262 Apriti
805 1215 827 1250 ι.
850 1204 929 1261 1430.)

266 1475 354 1548 Itota
368 1475 535 1574 Nogaroia
548 1476 730 1551 doctissimo
743 1479 809 1551 viro
822 1480 993 1553 Damiano
1011 1485 1116 1578 Burgo

604 1595 637 1666 8.
665 1597 713 1666 D.
733 1597 770 1667 P.

265 1872 532 2229 Qum
552 1920 587 1978 ut
604 1929 693 1980 meae
712 1904 771 1978 tibi
788 1904 974 2003 aliquando
992 1905 1114 1979 litterae
1133 1946 1141 1991 ς

466 2018 603 2093 fastidio
628 2019 706 2110 sint,
738 2045 806 2092 non
828 2021 876 2093 ob
902 2021 1115 2095 inconcinni-

466 2151 582 2225 tatem,
602 2160 677 2207 nam
698 2134 731 2208 id
749 2152 880 2210 avertat
898 2136 1033 2233 iupiter,
1052 2135 1115 2210 sed

266 2256 314 2327 ob
345 2254 478 2329 nimiam
510 2250 740 2325 crebritatem.
773 2249 884 2351 Quod
920 2250 1038 2325 nescio
1072 2276 1114 2325 an

266 2394 439 2466 nunquam
465 2365 655 2463 contingat,
681 2390 760 2439 cum
788 2382 880 2440 tanta
905 2365 948 2439 sit
974 2365 1115 2439 benivo-

265 2483 369 2557 lentia
386 2508 427 2559 ac
445 2481 635 2557 humanitas
661 2497 736 2569 tua;
764 2506 843 2578 quae
870 2498 963 2554 tanta
988 2498 1052 2571 est,
1080 2497 1161 2554 ut10

266 2624 334 2672 non
348 2601 457 2674 solum
471 2622 540 2697 ego
553 2596 679 2694 aliique
697 2595 791 2671 cives
808 2597 867 2694 qui
885 2621 962 2670 eam
980 2597 1113 2693 experti

264 2732 342 2788 sunt
372 2712 442 2812 (qui
461 2712 595 2787 medius
613 2711 712 2786 fidius
738 2737 839 2810 quam
867 2699 998 2810 pluiimi
1025 2712 1113 2808 sunt)

264 2845 371 2903 testes
404 2828 562 2919 existant,
600 2827 664 2902 sed
703 2828 859 2902 universa
896 2828 1015 2902 civitas
1051 2829 1114 2900 hos

264 2943 392 3043 Virgilii
407 2969 522 3020 versus
536 2943 720 3018 decantat:

310 3235 343 3296 (ς.
362 3234 386 3297 4)
404 3235 471 3283 ttotn
486 3235 521 3283 est
536 3233 616 3284 tutata
631 3234 656 3282 in
672 3234 700 3284 t.
746 3234 922 3284 Putctentm·
935 3234 1045 3297 epinoh
1059 3236 1115 3284 ante

263 3312 355 3362 titutum
365 3312 476 3377 scriptum
492 3314 596 3363 cxtatin
613 3315 644 3363 R.
679 3315 712 3378 (3)
730 3314 800 3363 doct.
818 3315 874 3363 viro
889 3328 935 3362 om.
954 3316 982 3361 Α.
1017 3313 1112 3377 (03⁸¹-

263 3392 320 3457 (om.
340 3394 373 3441 D.
398 3394 438 3454 Ρ.)
462 3396 490 3442 Α.
528 3394 560 3454 (6.
587 3397 611 3457 7)
635 3394 837 3442 ὶηοουοίηἰιιιοω
855 3394 908 3442 AR.
953 3394 987 3455 (9)
1007 3400 1065 3442 sunt
1083 3396 1111 3441 A.

264 3472 347 3537 (9.10)
365 3473 423 3521 ben.
442 3481 469 3521 et
485 3471 594 3521 hum.F.
628 3474 677 3535 (ιι)
689 3473 744 3535 qui]
761 3474 802 3522 cui
813 3476 841 3522 A.
876 3474 1069 3537 (utplurimum
1081 3473 1112 3521 R.

264 3552 464 3613 (inexistimnt
482 3553 512 3601 R.
547 3553 568 3600 si
585 3551 612 3601 F.
648 3554 697 3601 hoc
714 3554 745 3602 R.
