2850 4694
846 581 920 626 CXV!

504 737 528 774 ⁴¹
545 732 644 782 Confer
666 733 723 783 hese
747 732 841 781 Tobie
858 733 935 797 Burgi
952 733 1048 782 verbs:
1067 734 1219 795 «Reliquum
1237 743 1308 784 esset

452 825 526 870 nune,
544 811 689 861 clerissirnae
705 812 823 877 virgines,
841 813 877 863 de
893 813 986 877 nuptiis
1003 814 1109 863 novellis
1125 815 1199 864 vobis
1224 824 1308 878 gratu-

459 891 504 951 eri,
529 893 599 955 quod
616 901 700 943 temen
719 893 742 942 in
759 895 898 957 presentis
915 895 1036 953 omittere,
1055 902 1107 943 turn
1125 894 1195 956 quod
1213 895 1236 943 in
1253 910 1308 946 oer-

451 974 517 1023 rnine
534 987 593 1023 meo
610 974 745 1036 perstrinxi
764 983 816 1023 tum
833 987 897 1023 vero
915 989 947 1023 ne
965 972 1156 1024 delicatissima
1171 990 1247 1025 sures
1264 991 1307 1025 re·

455 1061 521 1103 strss
537 1053 611 1102 nirnis
623 1054 779 1114 loquacitate
795 1053 941 1103 obtundent.
962 1055 987 1102 ln
1005 1054 1073 1103 eliud
1091 1055 1166 1117 igitur
1182 1062 1208 1104 et
1225 1056 1309 1116 eptius

451 1131 732 1197 tempusditieremuss.
748 1133 799 1183 Ubi
807 1134 1019 1196 noveiioenuptioe
1030 1134 1132 1184 insolito
1138 1134 1309 1184 senedicendi

451 1228 548 1278 genere
560 1215 655 1276 nuptiis
667 1214 738 1262 brevi
750 1222 809 1277 post
826 1213 918 1263 iuturae
935 1213 1012 1263 dictes
1029 1229 1088 1264 esse
1106 1215 1232 1271 videntur,
1253 1230 1308 1264 nem

452 1307 487 1344 eo
510 1302 629 1356 ternpore
654 1307 708 1355 quo
732 1293 825 1342 Tobire
851 1294 960 1356 epistots
983 1294 1078 1357 scripte
1094 1303 1134 1344 est
1151 1297 1308 1345 Zeneverem

452 1372 563 1424 nondurn
582 1375 708 1424 Brunorio
727 1375 865 1425 Gernbsroe
889 1375 1007 1437 nupsisse
1024 1373 1083 1424 inde
1099 1384 1217 1439 sppsret.
1237 1376 1308 1438 quod

452 1454 549 1504 Tobiss
565 1467 671 1504 sorores
687 1454 808 1518 virginum
826 1454 926 1504 nomine
943 1453 1067 1518 designet.
1088 1456 1183 1517 Neque
1201 1455 1234 1504 de
1245 1456 1309 1505 elius

454 1535 556 1584 Bisnces
579 1534 636 1582 iiiies
661 1533 754 1596 nuptiis
778 1534 891 1597 cogitare
909 1535 977 1595 iicet,
995 1548 1053 1585 curn
1070 1536 1094 1583 in
1111 1536 1203 1584 Tobiae
1221 1537 1311 1585 litteris

451 1627 528 1676 seque
536 1621 614 1675 etque
622 1613 646 1662 in
657 1615 735 1664 lsotoe
745 1615 915 1677 responsione
932 1628 1037 1678 semper
1053 1612 1087 1663 de
1099 1616 1209 1664 carmine
1226 1617 1308 1665 Zene

451 1706 522 1744 vere
545 1702 572 1743 et
597 1696 674 1744 isotes
697 1692 816 1743 leudibus
838 1696 917 1757 pleno
940 1708 1027 1744 sermo
1050 1695 1091 1744 fiet
1114 1704 1140 1743 et
1163 1696 1211 1743 siis
1238 1709 1308 1756 ques·

453 1771 511 1823 dem
535 1786 612 1824 soror
637 1787 669 1824 ne
694 1774 777 1824 verbo
800 1772 904 1836 quidem
928 1774 1065 1838 signiticete
1097 1774 1137 1822 sit.
1173 1777 1215 1823 De
1248 1783 1310 1823 tern-

454 1868 520 1918 pore
552 1861 637 1905 eutem
660 1868 714 1917 quo
736 1854 835 1904 Tobiss
860 1852 894 1904 ed
926 1867 1032 1904 sorores
1063 1854 1195 1917 scripserit
1221 1862 1308 1903 noten-

453 1933 514 1984 dstnt
530 1943 570 1985 est
587 1936 690 1987 Guerini
714 1936 880 1985 honorificum
891 1932 925 1985 de
936 1935 1069 1984 sororibus
1083 1933 1201 1984 iudicium
1213 1935 1306 1984 Tobies

453 2019 502 2070 ient
526 2023 613 2065 notum
637 2015 721 2076 fuisse,
749 2028 902 2077 quemquern
919 2016 1054 2074 nescimus,
1074 2022 1154 2063 utrum
1173 2027 1203 2062 es
1221 2014 1309 2063 litteris

453 2093 618 2146 edieoobuns
627 2096 764 2146 Fosceruer
780 2104 807 2146 et
825 2096 974 2145 Leoneiium
999 2095 1132 2143 Estensern
1148 2092 1215 2143 detis
1229 2108 1260 2143 sn
1277 2110 1308 2144 ex

455 2177 484 2227 iis
492 2174 685 2239 quesedipsem
702 2179 793 2227 isotem
808 2176 954 2238 seripserst.
965 2172 1028 2223 iilud
1038 2187 1070 2223 ee
1085 2172 1119 2223 de
1135 2188 1213 2224 oeuss
1228 2175 1310 2225 minus

455 2255 592 2320 probebiie
608 2256 717 2317 videtur,
730 2255 802 2319 quod
814 2264 874 2319 post
891 2255 1024 2318 epistolem
1040 2253 1073 2304 ed
1087 2256 1179 2304 lsotem
1189 2256 1309 2318 scriptam

455 2335 558 2385 dernurn
574 2335 680 2386 iuvenes
698 2336 822 2387 Ferrsries
838 2335 928 2385 titteris
943 2347 1049 2397 operern
1067 2343 1187 2384 nevsntes
1202 2350 1310 2385 sorores

456 2416 546 2466 litteris
571 2415 697 2467 edierunt.
725 2417 823 2468 Tobies
848 2423 934 2465 eutem
960 2415 1085 2465 Ferreries
1111 2429 1185 2464 suurn
1207 2430 1310 2465 cerrnen

455 2509 580 2559 essemque
606 2498 740 2560 epistolem
766 2494 800 2546 ed
826 2508 945 2546 sororum
961 2494 1063 2545 leudem
1087 2496 1221 2558 scripsisse
1249 2495 1308 2547 inde

455 2589 584 2639 spperere
615 2577 725 2637 videtur,
753 2575 825 2638 quod
852 2574 992 2627 Gusrinum
1019 2583 1209 2638 preceptorem
1237 2590 1310 2625 suurn

455 2665 532 2707 voest
556 2665 582 2707 et
605 2670 682 2708 eursu
703 2655 845 2707 studiorum
868 2662 976 2719 perscto
991 2655 1111 2705 eliorsurn
1135 2669 1165 2705 se
1189 2656 1310 2706 conferre

456 2737 536 2788 voisit
547 2750 554 2797 ;
567 2738 591 2785 in
607 2738 680 2787 celse
696 2738 762 2787 enim
779 2737 897 2800 epistole
912 2749 1019 2787 sorores
1035 2743 1099 2795 oret.
1113 2735 1219 2798 nequid
1236 2737 1268 2784 ed
1280 2751 1309 2786 se

456 2816 573 2868 seribere
603 2816 731 2882 indignum
754 2824 853 2880 putent,
888 2824 916 2865 ut
940 2814 1000 2865 durn
1028 2814 1052 2864 in
1083 2816 1232 2879 peregrines
1260 2824 1310 2865 ter-

458 2911 499 2948 res
514 2897 698 2961 proficiscetur,
715 2895 871 2947 edorirsndss
892 2910 980 2947 esrum
997 2894 1121 2947 doctrines
1140 2897 1309 2945 testimonium

457 2976 598 3042 perhibere
614 2978 703 3040 possit
722 2977 753 3027 Et
769 2979 847 3040 psulo
864 2984 924 3040 post
940 2978 1058 3040 protecto
1067 2976 1188 3026 Veneties
1203 2989 1233 3024 se
1249 2989 1310 3025 oon-

457 3057 546 3108 tuiisse
562 3057 673 3119 videtur;
690 3058 796 3122 legimus
812 3058 879 3108 enim
895 3058 918 3107 in
936 3057 1036 3108 Niooisi
1051 3055 1154 3106 Venerii
1171 3056 1261 3105 litteris
1276 3055 1309 3105 sd

457 3135 687 3187 sororesdievili.
698 3137 790 3188 mensis
800 3137 891 3187 iuniie
902 3138 1012 3188 sortesse
1023 3137 1082 3198 1438
1090 3136 1192 3198 seriptis
1200 3135 1309 3184 Tobisrn

460 3219 572 3281 Burgum
582 3215 668 3282 eiepsis
685 3216 767 3268 dirius
780 3217 804 3267 in
817 3218 988 3269 Veneriorum
1006 3215 1085 3267 domo
1103 3222 1226 3265 moretum
1240 3228 1309 3271 esse.

460 3297 560 3348 Nioeiei
577 3297 679 3346 Venerii
693 3304 779 3349 sutem
792 3298 889 3349 litterss
903 3310 931 3348 re
946 3310 1007 3347 vers
1016 3311 1040 3346 ι
1062 3295 1120 3356 ¹43⁸
1131 3294 1239 3357 seriptes
1251 3307 1310 3343 esse

468 3372 1311 3439 ndeeonetudr),quodtteersdmrumrsetrsotsnderrogamtis

460 3456 627 3519 scriptasint,
641 3454 1024 3518 nusquerntsrnenusitstissiese
1034 3454 1076 3504 iile
1085 3453 1310 3503 celeberrimerum

460 3534 576 3602 »rigentur
595 3533 726 3587 stilocutio
743 3546 829 3599 neque
845 3533 870 3583 in
896 3532 1062 3597 inscriptione
1090 3546 1176 3597 neqtoe
1202 3534 1226 3583 in
1253 3532 1311 3599 ipso
