2850 4694
524 594 642 641 [xxxix

157 749 205 798 sibi
227 748 393 812 desponsavit
425 750 448 797 ln
473 764 578 800 uxorem
594 751 770 814 spectabilem
794 761 820 802 el
847 754 1009 804 Generosam

158 830 292 879 Dominam
314 829 449 879 Dominam
465 832 562 878 Annam
578 829 614 881 de
631 832 770 894 Nogarolls
790 833 863 883 liliam
880 834 1010 896 quondam

156 909 309 973 Spectabilis
325 917 351 958 el
370 909 471 972 Egregli
490 910 578 959 Militis
596 912 698 959 Domini
709 913 811 961 Antonii
824 913 858 962 de
871 915 1011 978 Nogarolis

156 989 190 1039 de
208 991 319 1049 Verona,
342 989 478 1039 lubentem
495 988 583 1039 dotem
606 990 716 1040 duorum
741 992 834 1041 milium
858 993 1010 1044 ducatorum

156 1070 216 1119 boni
235 1070 290 1118 auri
313 1079 339 1118 el
357 1070 415 1119 iusti
432 1069 564 1131 ponderis,
583 1069 662 1132 eique
676 1070 779 1120 donavit
796 1072 870 1122 tilulo
889 1075 1011 1138 Morgen-

156 1149 205 1212 μὴ
229 1157 339 1211 propter
355 1148 455 1210 nuptias
472 1149 539 1197 mille
555 1149 666 1198 ducatos
682 1149 743 1199 boni
760 1151 814 1199 euri
830 1159 856 1200 el
874 1152 931 1201 iusli
947 1167 1011 1215 pon·

156 1229 250 1279 deris.»
277 1231 319 1278 De
338 1229 386 1277 elie
404 1229 490 1288 Lucia,
510 1243 560 1278 non
578 1229 612 1279 de
630 1243 669 1290 ea,
688 1244 764 1292 quern
781 1233 944 1281 Turresanus
960 1236 1010 1282 An·

156 1310 218 1360 lonii
234 1310 308 1358 filiam
324 1322 384 1358 esse
399 1308 470 1367 dicit,
490 1311 609 1358 nonnullo
626 1311 745 1373 leguntur
760 1310 830 1373 apud
849 1312 1009 1362 Franciscum

156 1391 280 1453 Agostino
292 1391 368 1438 Della
384 1389 479 1438 chiesa
490 1389 599 1450 (Teutro
610 1389 679 1439 delle
691 1390 775 1440 donne
790 1393 916 1441 letterale.
937 1395 1010 1442 Mon-

155 1470 214 1519 dovi
244 1472 305 1518 1620
338 1483 364 1531 p.
394 1469 467 1531 215lz
488 1468 541 1516 «Di
564 1469 638 1518 Lucro
664 1468 801 1533 Nuogarvlu
831 1483 899 1535 ¹550·
931 1473 1010 1521 Lucia

157 1550 306 1612 Nuogarola
330 1548 485 1598 nobilissima
509 1550 653 1607 veronese,
672 1548 738 1598 dalla
754 1551 795 1599 eui
813 1549 920 1612 lamiglia
935 1552 1009 1612 quasi

155 1631 204 1679 'che
229 1629 263 1678 da
286 1643 319 1679 un
340 1630 437 1678 oavallo
461 1629 576 1678 Troiano
600 1643 665 1678 sono
690 1630 764 1679 uscili
789 1630 874 1679 inliniri
898 1632 1009 1681 valorosi

156 1709 297 1772 Cavaglieri
315 1721 331 1757 e
348 1710 426 1757 molle
443 1708 529 1771 saggle
544 1717 668 1767 matrone,
687 1709 801 1758 essendo
814 1711 922 1758 allevata
943 1710 1010 1759 dalla

155 1789 243 1838 madre
268 1788 454 1851 negl'lronorall
483 1789 609 1837 essercitii
637 1789 787 1847 donneschi,
811 1802 860 1837 non
888 1797 1009 1839 contenta

155 1868 322 1918 d'essereiler
346 1869 369 1917 le
392 1881 439 1917 sue
462 1868 627 1931 gentilissime
651 1868 715 1917 mani
739 1876 765 1917 el
789 1869 912 1932 impiegar
928 1869 944 1918 il
960 1883 1009 1919 suo

155 1949 241 1998 divino
258 1949 368 2012 ingegno
385 1948 409 1996 in
424 1948 461 1995 lar
476 1948 675 1997 anilioiosissiml
693 1949 776 2011 intagli
800 1962 815 1997 e
830 1949 908 1997 lavori
920 1949 1007 2012 d'ago,

155 2032 203 2079 che
224 2029 258 2079 da
281 2041 311 2078 se
335 2037 418 2077 slessa
443 2028 542 2090 postaci
558 2030 581 2075 el
598 2027 685 2077 studio
702 2028 771 2078 delle
789 2030 881 2077 lettere
898 2028 1008 2078 divenne

155 2110 304 2169 dotlissime,
327 2110 349 2159 si
373 2110 422 2158 che
447 2109 534 2157 hebbe
558 2108 644 2157 ardire
667 2108 692 2157 dl
717 2107 821 2157 mundar
834 2108 901 2157 iuori
918 2111 1009 2159 alcune

155 2205 202 2240 sue
218 2190 423 2252 compositionir.
440 2190 508 2251 Quae
523 2190 609 2238 verbis
618 2198 712 2238 tantum
729 2190 830 2238 mutatis
847 2190 921 2238 etiarn
938 2190 1008 2253 apud

155 2270 317 2319 Ambrosium
336 2270 423 2319 Levall
441 2269 601 2331 (Dizionerio
620 2268 951 2333 Biografioo·Cronologieo
963 2305 969 2318 .
981 2305 1006 2319 ..

155 2351 224 2414 degli
240 2350 333 2398 uomini
349 2349 446 2398 illustri.
466 2348 606 2398 Mediolani
626 2348 703 2410 1821),
718 2349 876 2397 ludovicum
890 2348 1008 2399 Federici

154 2430 267 2492 (Rllralti
292 2429 318 2479 di
340 2431 432 2479 alcune
447 2429 533 2479 donne
551 2430 678 2478 veronesi
695 2430 743 2478 che
760 2429 780 2477 si
798 2429 936 2477 dislinsero
953 2443 970 2478 ο
986 2430 1008 2478 si

153 2511 318 2574 distinguono
343 2511 409 2573 negli
434 2510 503 2559 studi
526 2524 541 2558 e
570 2510 680 2559 bell'erli
695 2522 744 2559 con
761 2509 880 2572 aggiunla
896 2509 1008 2560 di'varie

154 2590 246 2651 poesie
269 2589 416 2638 dell'Abate
440 2589 512 2653 Luigi
525 2589 665 2639 federici.
685 2590 789 2637 Verona
808 2589 876 2650 1826)
894 2597 920 2638 el
936 2589 1006 2651 apud

155 2669 324 2720 Boooerdiurn
349 2668 453 2732 (Nuova
478 2669 661 2732 Enciclopedio
688 2669 789 2719 ltaliana
813 2668 861 2718 Ed.
886 2670 928 2717 Vl.
949 2669 1006 2728 1883

153 2749 271 2811 Torino),
298 2750 433 2812 leguntur:
459 2751 606 2812 «Nogarola
624 2749 710 2808 Lucia,
728 2749 778 2798 che
794 2749 862 2798 visse
879 2750 920 2797 nel
938 2749 1007 2797 xvi.

153 2831 244 2881 secolo
266 2829 343 2879 riuscl
366 2831 509 2879 eccellenle
531 2829 571 2878 nel
595 2830 672 2877 levoni
696 2828 825 2892 dell'ego;
843 2842 859 2877 e
876 2843 926 2878 non
943 2843 1009 2893 paga

153 2909 179 2959 di
195 2917 288 2972 questa
304 2910 384 2974 gloria
400 2909 421 2959 si
436 2907 540 2971 applied
555 2911 606 2959 allo
623 2908 709 2958 studio
725 2908 795 2958 delle
807 2910 900 2957 lettere
911 2922 927 2957 e
939 2909 1009 2958 dive·

154 2998 213 3039 nula
239 2990 382 3041 dottissirne
405 2988 510 3052 publico
533 2992 625 3038 alcune
642 2989 774 3052 pregevoll
799 2990 1006 3051 composizloni.=

155 3071 248 3120 Nonne
264 3070 299 3119 de
314 3071 394 3119 Lucia
409 3070 504 3132 Alegri
518 3070 604 3119 Caroli
621 3070 759 3131 Nogarolae
771 3082 851 3117 uxore
864 3069 905 3118 llio
915 3070 1006 3132 agitur,

153 3151 197 3212 qul
220 3163 236 3200 a
252 3150 354 3200 comite
373 3151 510 3200 Francisoo
528 3151 659 3212 Nogarolu
676 3150 699 3197 in
715 3149 807 3198 Castro
824 3149 914 3197 Azzeni
932 3149 1008 3197 inler-

153 3230 235 3280 leclus
252 3232 309 3280 est?

213 3317 234 3344 ¹⁰
251 3310 350 3360 Conler
357 3310 432 3360 etiarn
442 3312 506 3358 hanc
513 3309 603 3358 Volani
612 3318 707 3357 nolam:
717 3309 829 3371 «Angela
837 3308 968 3370 Nognrole
975 3309 1008 3359 da

153 3404 194 3441 me
210 3392 232 3440 si
247 3399 385 3440 rammenla
401 3393 467 3440 nella
482 3390 624 3439 Biblioleca
635 3389 755 3439 Tirolese
766 3389 865 3452 perche
877 3389 902 3438 lu
915 3392 1008 3454 moglie

153 3471 180 3520 di
194 3472 308 3521 Antonio
329 3471 414 3521 Conte
425 3472 524 3521 d'llrco
541 3505 548 3519 .
566 3505 573 3518 .
593 3506 599 3518 .
617 3470 759 3533 Ambrogio
771 3470 870 3519 Franco
880 3471 1006 3529 menese,

153 3552 202 3601 che
220 3565 304 3613 nuque
321 3554 362 3601 nel
382 3564 449 3616 1559.
468 3550 564 3600 emori
582 3552 641 3598 l'an.
660 3552 727 3609 1611,
747 3551 770 3597 in
789 3550 843 3598 MS.
862 3547 1007 3613 Geumiogie
