2850 4694
832 581 894 631 ont
913 585 916 589 ’

431 748 524 797 mutto,
554 738 594 785 vei
616 736 701 799 siiqus
724 750 756 787 es
779 737 840 799 ipsis
863 745 890 787 et
913 750 970 787 cum
993 738 1119 797 omnibus,
1140 746 1168 787 et
1183 738 1287 802 singuiis

431 816 537 874 iuribus,
563 824 589 865 et
614 814 831 867 iurisdictionibus
853 817 1037 880 specusntibus,
1056 826 1083 868 et
1100 817 1287 881 pertinentibus

431 894 506 947 dietis
522 896 610 957 nebus,
628 896 683 947 sive
701 896 776 947 sticui
794 910 827 947 ex
845 897 916 961 ipsis,
929 905 955 947 et
966 897 1098 960 potissime
1110 910 1168 948 cum
1180 898 1284 958 iuribus,

430 984 458 1025 et
480 974 697 1027 iurisdictionibus
712 990 837 1039 equorum
852 977 1037 1040 spectantibus,
1056 987 1084 1027 et
1100 978 1287 1040 pertinentibus

431 1055 502 1107 dicto
520 1056 671 1107 molendino
687 1071 736 1120 pro
753 1072 801 1107 usu
817 1057 897 1120 ipsius
915 1057 1057 1108 Moiendini
1075 1067 1178 1108 tuntum.

480 1138 534 1187 Pro
551 1139 585 1186 t).
604 1136 749 1188 Ludouico.
768 1138 846 1188 Nunc
862 1151 926 1188 vero
942 1138 1100 1189 secedentes
1116 1138 1148 1188 sd
1159 1141 1286 1202 assignen-

430 1218 489 1269 dsnt
504 1227 612 1282 prtem,
631 1220 688 1271 siue
704 1219 849 1282 portionem
863 1221 993 1269 Bonorum
1005 1221 1158 1278 oomunium,
1172 1231 1286 1283 utsupra

431 1300 566 1363 prestituto
583 1302 617 1349 D.
629 1298 765 1350 Ludouico
782 1300 849 1349 omni
866 1301 972 1351 meliore
984 1300 1064 1351 modo
1075 1316 1129 1364 quo
1140 1316 1284 1365 possumus,

430 1378 574 1441 diuidimus.
600 1379 783 1439 sdiudiotmus,
807 1379 905 1440 dumus,
932 1389 959 1430 et
974 1383 1131 1446 sssignsmus
1147 1381 1231 1431 eidem
1250 1385 1283 1431 D.

432 1459 567 1511 Ludouieo
589 1461 631 1511 hio
652 1461 774 1523 presenti
798 1474 847 1523 pro
870 1469 952 1523 purte,
978 1472 1006 1511 et
1031 1463 1150 1524 portione
1176 1476 1222 1511 sus
1237 1463 1285 1511 sibi

430 1548 564 1604 spectente
581 1541 605 1589 in
621 1538 696 1591 dictis
713 1541 791 1590 Bonis
809 1550 836 1590 ut
852 1542 915 1591 inira
931 1541 1007 1592 videi.

477 1623 541 1671 item
558 1622 679 1681 Domum,
689 1634 749 1683 quos
764 1623 910 1684 sppeiistur
926 1622 1044 1672 Centrum
1062 1622 1096 1673 de
1112 1626 1211 1672 Azzsno
1228 1636 1285 1672 cum

429 1701 547 1751 omnibus
564 1700 642 1751 Bonis
658 1700 803 1761 mobilibus,
822 1711 849 1751 et
866 1702 1025 1753 utensitibus
1041 1703 1065 1751 in
1077 1717 1108 1752 ea
1119 1702 1153 1752 de
1164 1705 1284 1765 presenti

430 1781 595 1831 existentibus
611 1793 668 1830 cum
686 1781 795 1831 Curtiuo
812 1790 839 1831 et
856 1782 944 1832 Broiio
960 1792 1027 1833 etce.

476 1862 541 1911 item
563 1862 648 1911 omnis
670 1862 718 1912 siis
740 1862 901 1921 omenta,
920 1864 1029 1923 mnus,
1048 1863 1238 1921 Possessiones,
1257 1871 1283 1910 et

431 1943 502 1993 ttoni
518 1941 631 2001 situetss,
649 1950 677 1992 et
692 1943 784 1993 situstt
795 1943 818 1991 in
831 1943 994 2002 pertinentis,
1007 1943 1063 1992 siue
1075 1941 1188 1993 Gusrdis
1199 1943 1283 1991 Cestri

429 2021 528 2082 Λιιιιιί,
547 2030 574 2071 et
589 2022 673 2072 Sancti
691 2022 800 2084 Muttini,
819 2036 879 2085 quus
895 2032 1023 2086 spectent,
1044 2031 1071 2071 et
1087 2022 1232 2083 pertineant
1248 2022 1282 2070 de

429 2102 550 2165 presenti
566 2103 628 2165 ipsis
644 2101 726 2152 tribus
742 2101 776 2152 de
799 2103 944 2166 Nogsroiis,
958 2103 1024 2152 uttrs
1034 2101 1096 2162 iiius,
1109 2116 1168 2164 quse
1180 2102 1282 2150 inerunt

428 2183 570 2247 eusimio,
595 2191 622 2232 et
645 2181 797 2233 sdiudicstn
819 2182 1001 2245 suprsscripte
1026 2183 1060 2231 D.
1091 2183 1210 2231 Btsnchae
1237 2181 1283 2231 de·

428 2263 552 2322 sumtis,
577 2261 649 2325 quod
673 2262 697 2311 in
720 2262 782 2324 ipsis
797 2262 929 2326 ussignstis
945 2262 1002 2324 ipso
1027 2263 1060 2310 D.
1080 2261 1216 2312 Ludouico
1233 2276 1282 2312 non

428 2343 587 2407 intelligimus
611 2343 673 2403 iiius,
691 2355 751 2404 quse
774 2350 832 2392 sunt
847 2342 963 2392 slienstoe
979 2342 1053 2393 slicui
1069 2342 1126 2391 stioe
1149 2343 1281 2402 persone,

427 2420 462 2472 de
478 2421 574 2486 quibus
589 2420 758 2485 disponemus
774 2430 802 2473 ut
818 2422 889 2473 initu

476 2504 538 2552 item
550 2503 692 2563 Decimio,
702 2503 757 2553 sive
770 2504 811 2553 ius
822 2502 982 2566 percipiendi
994 2504 1126 2553 Decimum
1137 2503 1171 2553 de
1183 2505 1281 2563 Terris,

429 2589 456 2632 et
481 2582 694 2633 Possessionibus
710 2582 860 2644 isoenubus,
879 2590 906 2633 et
922 2583 1109 2646 pertinentibus
1126 2584 1148 2632 in
1167 2584 1237 2641 Vitis,
1257 2592 1282 2632 et

429 2662 586 2713 Pertinentin
606 2663 692 2713 Sancti
716 2662 817 2713 Muttini
841 2661 876 2713 de
900 2665 1009 2721 nuno,
1034 2671 1061 2713 et
1085 2663 1168 2713 Csstri
1191 2663 1281 2712 Aneni

428 2741 552 2806 predicti.

476 2824 539 2874 item
554 2823 684 2873 Sslurism
700 2824 757 2874 siue
773 2821 913 2874 Guttdium
928 2821 1053 2873 uicorum
1070 2824 1198 2873 viliorum.

475 2903 538 2953 item
551 2903 659 2953 Decium
669 2901 704 2953 de
715 2903 820 2962 minuto,
833 2910 860 2952 et
870 2900 904 2953 sd
914 2916 1031 2967 grossum
1043 2903 1162 2952 viliorum
1174 2900 1281 2964 pradic-

427 2992 516 3044 ttrunt,
530 2996 640 3034 necnon
652 2984 904 3034 esrumviottistum
919 2998 977 3035 cunt
996 2983 1121 3044 omnibus,
1135 2991 1162 3033 et
1177 2982 1282 3046 singulis

429 3063 529 3114 iuribus
538 3066 677 3127 Aqustunt,
691 3073 718 3114 et
728 3064 783 3125 siijs
800 3065 910 3125 turibus,
923 3073 950 3116 et
961 3063 1188 3124 iurisdictionibus,
1202 3065 1281 3112 hono

429 3143 500 3194 ribus
526 3152 554 3194 et
581 3144 704 3194 oneribus
730 3144 915 3207 spectentibus‚
944 3153 971 3195 et
998 3144 1184 3207 pertinentibus
1201 3141 1279 3192 dictae

428 3225 599 3287 Possessioni,
621 3235 666 3276 sut
687 3225 748 3288 ipsis
766 3226 897 3276 Frstnibue
921 3239 970 3289 pro
986 3238 1026 3286 es,
1045 3225 1161 3286 exceptis
1177 3237 1282 3287 semper

428 3304 529 3355 iuribus
545 3315 572 3356 et
589 3304 722 3356 iurisdict:
737 3304 905 3357 sddiudiostis
921 3304 1053 3368 predicte
1070 3306 1147 3354 Dom.
1162 3305 1280 3353 Blenchae

428 3394 456 3435 ut
477 3398 563 3447 supro,
588 3395 615 3435 et
638 3392 749 3448 excepto
772 3399 853 3436 onere
870 3384 974 3436 tenendi
990 3387 1014 3433 in
1029 3383 1099 3434 diets
1115 3385 1180 3434 vitis
1196 3384 1280 3434 Cestii

427 3466 517 3515 munt
541 3480 617 3516 unum
633 3465 800 3517 sucerdotetu
822 3468 973 3527 sdwistunt,
997 3465 1041 3528 qui
1064 3467 1088 3514 in
1114 3466 1230 3516 Ecclesis
1246 3465 1281 3514 ibi
