2850 4694
725 616 780 676 ¹9⁰

319 772 430 846 omnis
448 771 672 867 magistratus,
689 795 811 844 omnes
827 767 1041 858 sacerdotes,
1058 768 1175 842 omnis

318 902 467 975 senatus,
478 886 559 959 item
578 885 724 959 maxima
741 910 820 982 pars
838 884 947 982 plebis
963 883 1014 958 sic
1032 882 1172 958 obviam

319 1018 574 1100 processerunt,
598 1019 633 1074 ut
654 1001 822 1098 utrimque
836 1001 910 1099 ripa
921 998 1060 1074 Tiberis
1073 1023 1172 1072 com-

318 1120 470 1216 pleretur
482 1143 548 1193 nec
561 1142 582 1191 a
595 1117 767 1214 triumpho
781 1117 920 1190 multum
930 1114 1083 1189 dillerret
1096 1114 1172 1188 eius

292 1259 302 1312 r
317 1234 492 1308 adventus.
506 1236 609 1307 Plura
619 1257 756 1331 possem
772 1233 804 1305 in
820 1234 984 1307 hocloco
998 1231 1169 1304 clarorum

316 1350 463 1425 virorum
489 1351 649 1447 exempla
675 1372 870 1437 recensere,
896 1344 959 1422 sed
977 1369 1076 1420 aures
1095 1361 1170 1419 tuas

317 1465 454 1540 lastidio
479 1465 666 1554 allicerem,
693 1489 770 1538 cum
798 1466 876 1537 haec
902 1461 963 1536 tibi
992 1485 1097 1560 aeque
1127 1484 1170 1535 ac

317 1582 396 1656 mihi
422 1598 504 1655 nota
528 1581 605 1669 sint,
631 1580 815 1677 sentioque
837 1604 892 1652 me
911 1577 1009 1651 nimis
1026 1574 1169 1650 dicendi

316 1699 467 1773 habenas
494 1698 656 1771 relaxare.
687 1698 777 1768 Nam
796 1695 822 1768 si
840 1693 980 1792 singulis
997 1691 1169 1767 immorari

273 1839 303 1877 ιο
315 1813 394 1887 mihi
421 1811 685 1901 concederetur,
712 1835 940 1908 percuperem
971 1834 1040 1908 ego
1071 1808 1170 1884 nimis

314 1929 470 2003 virtutem
497 1927 609 2027 dignis
634 1927 791 2002 laudibus
824 1951 1003 2002 exornare.
1039 1926 1168 1998 Verum

315 2043 406 2119 haud
433 2070 512 2119 meo
538 2044 701 2119 convenit
725 2043 821 2117 sexui
849 2042 927 2116 talia
951 2065 1060 2116 onera
1088 2040 1169 2115 viris

314 2161 525 2258 peritissimis
535 2158 760 2257 relinquenda
769 2159 979 2249 subire,cum
989 2156 1092 2231 etiam
1105 2156 1169 2231 illis

312 2274 498 2376 aliquando
508 2276 807 2374 Aethnagraviora
817 2273 1004 2349 videantur.
1017 2274 1059 2348 Et
1069 2290 1169 2348 recte

271 2416 297 2470 ¹5
313 2417 406 2466 sane.
427 2392 519 2494 Quis
536 2393 628 2466 enim
646 2408 740 2467 tanta
757 2408 810 2466 est
826 2389 1027 2488 eloquentia
1053 2406 1168 2465 tanto

314 2533 383 2605 que
397 2508 548 2606 ingenio,
557 2509 613 2605 qui
628 2506 749 2607 dignas
763 2506 881 2582 laudes
894 2505 1006 2580 virtuti
1015 2505 1168 2580 tribuere

312 2627 455 2722 posset?
481 2627 566 2726 Qua
590 2649 634 2697 ex
655 2648 693 2697 re
715 2624 815 2697 finem
835 2621 914 2695 mihi
933 2621 1120 2719 imponam,
1139 2621 1166 2696 si

312 2755 348 2813 te
373 2740 547 2814 obtestata
569 2738 700 2829 luerim,
720 2756 756 2813 ut
772 2761 893 2813 omnes
911 2738 1023 2826 horas,
1042 2761 1167 2812 omnes

360 2941 394 3006 (ι)
403 2954 492 2991 omnes
499 2955 531 2991 m.
543 2941 631 2992 cm.
665 2954 754 2992 omnes
763 2955 783 2991 s.
795 2940 883 2991 om.
917 2939 953 3004 (ι)
968 2940 1088 3002 utrinque
1105 2941 1164 2991 GV.

313 3023 393 3087 ripam
413 3022 451 3072 M.
493 3021 573 3085 tybris
597 3021 628 3081 C,
653 3022 751 3086 tyberis
779 3023 805 3070 V.
848 3022 880 3084 (r.
899 3020 924 3083 4)
947 3023 1107 3083 complerent
1125 3022 1164 3072 Μ.

312 3101 347 3164 (4)
369 3101 502 3151 differeret
526 3102 557 3152 C.
599 3102 633 3165 (a)
656 3103 740 3165 ampla
764 3115 919 3152 recenscere
943 3101 1006 3152 GM.
1048 3108 1088 3150 set
1105 3101 1164 3150 GV.

312 3183 345 3245 (7.
362 3182 386 3245 8)
403 3195 460 3232 curo
475 3195 545 3245 eque
560 3184 609 3232 hec
625 3183 669 3232 tibi
687 3191 713 3232 et
729 3183 803 3233 miclri
821 3197 844 3231 n.
861 3183 891 3241 C,
926 3196 983 3232 eum
1000 3194 1069 3242 eque
1086 3179 1166 3243 (equa

313 3261 354 3326 Μ)
370 3263 427 3311 milri
451 3276 483 3313 ac
506 3263 550 3312 tibi
576 3278 599 3311 n.
617 3263 681 3313 GM.
723 3262 757 3326 (8)
773 3263 857 3312 sentio
874 3263 939 3313 GM.
973 3261 1007 3324 (o)
1024 3262 1113 3326 singuli
1132 3262 1163 3312 G

312 3342 371 3390 inm.
392 3343 430 3392 M.
470 3343 503 3406 (9.
530 3342 567 3405 ro)
592 3343 649 3391 milri
674 3343 740 3391 imm.
766 3343 799 3392 G.
842 3343 891 3405 (ιο)
916 3357 966 3407 ego
993 3355 1101 3405 percup.
1132 3344 1162 3396 C.

313 3420 362 3483 (12)
380 3421 552 3484 haudlautc
587 3423 684 3472 honera
704 3423 732 3470 V.
766 3421 816 3486 (ιι)
840 3423 954 3484 relimqu.
979 3421 1008 3471 C.
1035 3421 1120 3485 etiam]
1138 3430 1165 3472 et

313 3501 377 3561 GM,
395 3514 441 3550 om.
461 3502 491 3551 C
526 3503 576 3566 (ιι)
597 3502 744 3565 aliquando]
761 3512 897 3565 antequam
913 3503 944 3553 G
978 3501 1076 3566 (ις.ιό)
1093 3509 1165 3553 tanto

314 3579 364 3644 ing.
383 3580 412 3628 V.
446 3579 496 3644 (ιγ)
512 3588 600 3644 potest
614 3581 652 3630 Μ.
