2850 4694
692 577 708 618 t

272 729 484 801 elaboratum
504 728 700 802 confecitu
722 732 757 801 ln
776 755 847 826 quo
865 755 944 826 quae
968 730 1125 828 utrinque

271 843 315 917 ad
328 844 531 918 sententiam
546 843 799 918 defendendam
816 846 949 942 prolata
960 862 1038 920 suut
1050 871 1125 919 om-

272 959 327 1033 nia
343 959 531 1033 lectoribus
548 984 726 1057 exponere
749 962 888 1057 longum
911 976 973 1034 est.
1003 963 1125 1061 Quare

271 1100 384 1173 pauca
417 1092 617 1173 argumenta
649 1075 847 1172 gravissima
885 1076 1014 1149 reserre
1056 1077 1126 1150 sus-

272 1192 374 1267 ficiat

323 1310 537 1409 Fuscarenus
565 1304 666 1404 igitur*
694 1309 797 1380 Evam
828 1308 935 1405 magis
957 1333 1126 1406 peccasse

273 1420 465 1507 contendit,
493 1447 573 1519 quae
599 1422 703 1495 virum
731 1422 925 1496 seduxisset
950 1440 985 1496 et
1010 1448 1031 1497 a
1056 1423 1127 1498 deo

273 1538 455 1612 iustissimo
471 1537 628 1634 graviore
647 1562 754 1635 poena
771 1537 896 1612 affecta
917 1555 1020 1629 esset,
1047 1564 1126 1613 cum

271 1655 383 1727 Adam
393 1679 438 1726 eo
448 1655 567 1727 saltem
579 1652 735 1726 excusari
747 1670 876 1751 posset,
888 1654 983 1751 quod
997 1679 1018 1728 a
1031 1655 1129 1729 socia

273 1769 479 1844 amatissima
496 1767 660 1842 seductus
677 1785 778 1844 esset.
796 1771 930 1843 Contra
940 1772 1031 1843 lsota
1040 1786 1128 1844 attu-

273 1885 321 1971 lit,
349 1909 417 1957 non
443 1908 521 1957 esse
539 1884 670 1970 mirum,
690 1882 785 1981 quod
805 1887 884 1974 Eva,
903 1885 1000 1959 cuius
1018 1886 1129 1959 minor

274 1998 467 2074 constantia
488 2016 524 2073 et
545 1998 726 2096 prudentia
752 2024 854 2098 quam
884 2000 973 2074 ndae
1000 2000 1128 2092 suisset,

275 2115 416 2190 diabolo
442 2115 647 2189 astutissimo
664 2116 914 2205 succubuisset,
934 2116 1014 2190 item
1032 2116 1128 2214 quod

275 2235 345 2306 Eva
378 2230 442 2305 sibi
476 2231 551 2319 soli,
585 2231 695 2305 Adam
731 2232 792 2304 toti
826 2232 944 2330 generi
979 2234 1128 2307 humano

277 2348 470 2435 nocuisset;
507 2371 584 2420 nam
619 2347 646 2421 si
680 2347 790 2421 Adam
826 2374 894 2420 non
934 2365 1127 2446 peccasset,

276 2492 344 2539 non
372 2465 517 2538 suturum
553 2489 631 2537 esse
666 2479 702 2536 ut
735 2489 856 2537 omnes
882 2465 1128 2539 damnaremur.

277 2579 387 2683 Quod
434 2596 546 2654 autem
587 2581 614 2652 F
619 2603 801 2653 uscarenus
843 2579 986 2670 obiecit,
1033 2581 1131 2679 igno-

277 2697 418 2771 rantiam
449 2714 484 2769 et
510 2696 772 2769 inconstantiam
798 2722 916 2770 eorum
944 2723 1024 2794 quae
1041 2697 1131 2771 scire

277 2812 485 2887 deberemus
511 2837 579 2885 non
598 2837 676 2886 esse
700 2812 958 2887 excusationem
987 2837 1131 2910 praeser-

278 2930 337 3002 tim
365 2929 397 3001 in
425 2931 504 3019 Eva,
531 2930 629 3002 cuius
654 2929 843 3026 ignorantia
868 2954 912 3001 ex
937 2929 1132 3026 arrogantia

278 3044 515 3142 processisset,
527 3046 617 3119 lsota
635 3070 749 3118 verum
768 3046 838 3118 hoc
855 3069 933 3118 esse
952 3044 983 3116 in
999 3044 1133 3118 univer-

277 3185 350 3234 sum
365 3159 504 3258 quidem
521 3161 706 3251 concessit,
721 3160 783 3234 sed
803 3187 871 3234 non
890 3160 921 3233 in
937 3163 1017 3251 Eva,
1035 3161 1133 3235 cuius

280 3275 933 3374 ignorantiainconstantiaqueanatura
946 3278 998 3349 vel
1017 3276 1133 3374 potius

280 3389 388 3465 adeo
407 3391 483 3489 ipso
500 3391 532 3466 ei
551 3392 650 3466 insita
667 3408 770 3466 esset.
1020 3389 1025 3399 ’

329 3507 487 3582 Tandem
517 3508 590 3583 aliis
621 3508 778 3606 utrinque
811 3507 1019 3608 argumentis
1052 3531 1133 3605 pro-
