2850 4694
720 567 759 628 stt

313 737 502 812 diversorio
533 738 782 838 conquievisse.
820 737 916 839 Quid
946 736 1044 809 vobis
1074 735 1164 808 eninr

313 870 380 928 turn
406 853 590 929 absurdunt
609 872 673 943 est,
692 878 793 950 quant
812 853 917 926 virum
936 877 1095 950 magnum
1114 850 1165 924 di·

311 995 486 1068 gnumque
521 987 556 1044 et
591 970 623 1043 in
658 987 774 1043 nostra
800 995 836 1044 re
866 969 1006 1066 publica
1037 983 1163 1053 natum,

311 1085 433 1160 virtute
459 1087 656 1161 affluentem
683 1112 752 1159 non
778 1086 962 1183 expetere!
998 1085 1090 1156 Proh
1118 1082 1163 1156 dii

286 1201 531 1292 simniortules,
575 1227 642 1275 non
682 1201 876 1299 intelligitis,
910 1199 1027 1298 quanti
1062 1199 1165 1272 virtus

310 1316 512 1392 aestintanda
549 1317 602 1405 sit,
633 1342 712 1413 quae
743 1342 807 1414 pro
836 1316 949 1390 verbis
981 1315 1165 1388 Ciceronis

312 1457 378 1507 nec
404 1433 489 1530 eripi
517 1457 583 1507 nec
609 1433 729 1530 surripi
756 1449 882 1530 potest,
902 1456 967 1505 nee
986 1431 1165 1528 naufragio

312 1572 378 1621 nec
396 1547 558 1623 incendio
575 1548 746 1635 amittitur,
762 1572 827 1621 nec
842 1563 1081 1644 tempestatum
1098 1571 1164 1620 nee

312 1680 503 1761 temporum
531 1664 789 1761 perturbatione
816 1680 970 1737 mutatur.
1001 1665 1084 1763 Qua
1105 1662 1163 1759 qui

270 1809 299 1845 ιο
312 1778 446 1876 praediti
463 1798 541 1853 sunt
557 1780 621 1853 soli
639 1796 717 1853 sunt
734 1779 873 1865 divites;
892 1779 956 1853 soli
974 1778 1063 1853 eninr
1083 1803 1165 1875 pos-

310 1894 424 1968 sident
442 1920 496 1969 res
515 1895 705 1970 fructuosas
723 1913 759 1969 et
775 1894 999 1992 sempiternas
1017 1893 1164 1991 solique,

313 2011 408 2106 quod
422 2011 596 2109 proprium
611 2029 664 2085 est
676 2011 877 2101 divitiarum,
888 2014 990 2084 rebus
1000 2010 1067 2084 suis
1078 2035 1165 2083 con·

312 2126 395 2199 tenti
405 2144 492 2200 sunt.
508 2127 596 2201 Satis
605 2153 682 2202 esse
692 2126 917 2225 putantquod
928 2128 1066 2215 habent,
1083 2126 1164 2198 nihil

311 2259 489 2338 appetunt,
501 2244 591 2316 nulla
599 2268 636 2316 re
646 2261 761 2341 egent,
773 2240 852 2314 nihil
871 2240 934 2316 sibi
952 2241 1165 2315 deessesen·

271 2385 296 2436 rt
312 2355 409 2447 tiunt,
428 2358 509 2430 nihil
535 2358 719 2456 requirunt.
750 2358 964 2455 Dictumque
986 2374 1039 2431 est
1064 2382 1085 2430 a
1110 2383 1165 2430 sa-

312 2471 528 2569 pientissimis
538 2472 614 2546 viris
625 2497 632 2545 :
645 2475 735 2547 nulla
748 2473 797 2546 vis
810 2472 880 2546 auri
895 2489 931 2546 et
943 2472 1074 2570 argenti
1090 2474 1165 2569 plu-

312 2587 581 2685 risquarnvirtus
598 2588 801 2662 aestimanda
810 2605 872 2662 est.
894 2588 1023 2661 Omnia
1040 2587 1165 2662 adsunt

359 2821 393 2884 (ι)
418 2821 575 2872 diverssorio
599 2826 626 2871 L.
668 2825 840 2886 conquevisse
870 2826 896 2873 V.
937 2825 1002 2873 eninr
1029 2826 1103 2874 vobis
1130 2827 1162 2875 C.

312 2901 482 2951 enimom.P.
517 2901 710 2963 (nlobsurdum
736 2905 765 2954 C.
807 2913 847 2953 est
871 2917 941 2952 omm.
960 2905 1008 2953 FP.
1059 2919 1111 2966 que
1129 2907 1162 2953 R.

311 2982 344 3040 (ι.
364 2980 385 3042 3)
403 2996 572 3045 magnumque
589 2982 644 3044 (om.
663 2983 829 3047 dignumque)
853 2985 880 3032 V.
917 2982 951 3046 (3)
964 2992 1047 3032 natum
1064 2999 1109 3032 ont.
1129 2987 1161 3033 R.

312 3060 402 3121 (rilem.
413 3062 469 3109 virt.
481 3063 512 3110 R.
531 3071 671 3124 expectere
680 3063 749 3113 CLP.
778 3064 857 3126 Proh]
868 3063 949 3125 prodi
960 3064 989 3122 C,
1001 3078 1049 3125 pro
1059 3066 1125 3125 proh
1134 3067 1160 3122 t,

311 3154 361 3202 pro
370 3142 401 3189 R.
420 3140 454 3203 (ς)
464 3141 652 3204 intelligaturF.
679 3152 800 3204 quantum
810 3145 836 3192 Ρ.
855 3142 889 3203 (6)
904 3143 1068 3191 existimanda
1084 3145 1161 3201 FRV,

312 3228 362 3268 ext.
382 3223 407 3269 Ρ.
442 3221 587 3282 proverbiis
604 3222 634 3271 C.
665 3223 700 3284 (7)
717 3223 795 3285 erripi
811 3224 862 3271 LR.
901 3236 932 3271 ne
953 3224 980 3270 V.
1014 3223 1112 3285 subripi
1133 3225 1160 3271 L.

312 3299 345 3361 (8)
353 3301 499 3349 ammittitur
507 3302 538 3359 R,
549 3302 652 3350 enititur
664 3304 692 3351 V.
728 3303 877 3365 (tolpredici
889 3304 919 3360 R,
931 3303 1040 3365 predicti
1052 3304 1079 3350 V.
1099 3304 1162 3352 dun-

312 3386 351 3428 tes
361 3379 388 3428 F.
407 3378 457 3444 (11)
465 3389 490 3429 et
498 3394 579 3444 semp.
592 3395 637 3430 ont.
655 3384 682 3431 L.
710 3384 759 3447 (η)
772 3392 829 3432 sunt
843 3397 888 3432 ont.
903 3385 929 3430 t.
954 3383 1002 3445 (14)
1013 3392 1120 3445 eperunt
1130 3385 1160 3433 C.

313 3460 362 3517 (rt)
377 3469 416 3509 est
432 3473 478 3508 om,
497 3462 524 3508 L.
566 3461 614 3523 (ις.
630 3464 668 3525 ιό)
680 3463 880 3525 sapientissimus
892 3464 919 3511 F.
949 3464 1067 3523 (tulviris
1078 3479 1123 3513 om.
1133 3467 1161 3513 t.

312 3541 360 3602 (rt).
374 3542 410 3602 ¹7)
422 3543 479 3603 plus
487 3544 514 3590 1..
543 3544 592 3607 (17)
600 3543 698 3594 virtutis
710 3544 737 3595 F.
767 3544 839 3594 exist.
850 3545 926 3603 FRV,
945 3554 994 3594 ext.
1008 3547 1035 3596 Ρ.
