2850 4694
727 569 781 631 roo

320 742 397 814 solo
414 759 598 838 aequasset,
616 766 695 814 eum
723 739 953 837 interrogavit,
975 764 1017 812 an
1036 764 1175 813 suarum

320 881 432 930 rerum
450 855 637 954 quidquam
648 855 827 929 amisisset.
847 853 1055 928 CuiStilbo:
1077 854 1175 927 Nihil

319 971 494 1069 equidem,
527 974 652 1046 bellum
672 971 762 1045 enim
782 972 872 1044 nulla
888 994 932 1043 ex
950 970 1073 1043 virtute
1090 995 1174 1068 spo

320 1087 364 1161 lia
393 1087 498 1162 ducit.
527 1086 626 1189 Quid
652 1086 743 1160 enim
762 1103 814 1159 est
840 1085 930 1159 aliud
950 1086 982 1158 in
1000 1111 1072 1182 quo
1091 1111 1174 1160 vere

293 1204 456 1301 rgloriari
484 1204 665 1302 possimus,
694 1202 756 1276 nisi
776 1201 808 1274 in
831 1202 882 1276 his
907 1227 986 1299 quae
1004 1201 1081 1275 obis
1108 1203 1174 1275 vir-

319 1335 425 1393 tutum
453 1318 573 1394 studiis
599 1321 864 1416 comparemus?
896 1319 1025 1392 Nostra
1042 1319 1172 1393 etenim

318 1434 475 1508 istasunt
493 1452 611 1508 nostro
629 1457 748 1531 opere,
764 1450 879 1506 nostra
897 1457 980 1506 cura
997 1450 1033 1506 et
1049 1433 1173 1531 vigiliis

318 1567 424 1648 parta,
456 1575 535 1647 quae
566 1574 632 1622 nec
666 1549 744 1621 vivo
779 1572 845 1622 nec
877 1566 1012 1622 mortuo
1046 1549 1171 1622 auferri

316 1682 469 1762 possunt
501 1666 593 1738 Haec
610 1664 714 1737 virtus
732 1663 765 1736 in
783 1687 822 1736 se
840 1688 954 1736 veram
972 1681 1008 1736 et
1024 1663 1171 1738 solidam

275 1811 303 1846 10
316 1780 471 1854 continet
513 1778 725 1877 dignitatem,
761 1781 840 1853 haec
874 1796 909 1852 te
947 1803 1172 1877 quocumque

316 1895 394 1968 ieris
412 1894 631 1992 prosequitur
656 1911 692 1967 et
722 1893 869 1968 sortunae
889 1893 989 1968 donis
1007 1912 1043 1967 et
1059 1897 1173 1968 omni-

316 2011 379 2083 bus
415 2009 505 2107 vulgi
545 2009 718 2083 favoribus
756 2009 985 2107 anteponitur.
1031 2010 1174 2084 Dicitur

314 2142 411 2197 extra
429 2149 568 2198 omnem
587 2123 755 2198 fortunam
770 2148 848 2197 esse
865 2122 1014 2197 animum
1032 2125 1172 2222 sapien-

314 2239 367 2328 tis,
394 2237 523 2312 dictum
550 2256 602 2311 est
625 2263 768 2335 quoque
793 2240 838 2311 ab
855 2237 1091 2312 eruditissimis
1110 2266 1172 2314 ne-

272 2381 297 2434 15
315 2355 439 2428 minem
458 2355 601 2427 liberum
620 2378 697 2427 esse
715 2354 778 2427 nisi
796 2355 997 2452 sapientem.
1026 2357 1173 2456 Quanta

314 2496 463 2568 namque
480 2472 528 2544 ob
546 2473 635 2544 hanc
654 2471 821 2544 rationem
848 2472 1013 2546 maiorum
1032 2489 1171 2545 nostro

283 2651 286 2655 .
313 2613 385 2661 rum
404 2587 560 2662 discendi
576 2588 677 2660 suerit
693 2586 848 2678 aviditas,
867 2587 1019 2662 historiae
1038 2605 1171 2662 testen-

314 2718 375 2777 tur.
398 2703 549 2777 Euclidis
576 2702 774 2801 philosophi
801 2720 894 2778 tanta
918 2703 1050 2777 sciendi
1069 2705 1170 2801 cupi-

359 2982 393 3046 (ι)
410 2983 451 3045 ιη]
469 2985 517 3032 ium
535 2985 598 3034 GM.
639 2985 673 3048 (ι)
698 2985 836 3046 quicquum
859 2985 918 3045 ΕΜ,
945 2986 1076 3046 quitquam
1101 2988 1170 3046 quit·

313 3075 389 3123 quam
406 3064 432 3111 P.
466 3063 555 3113 admis.
574 3066 612 3114 Μ.
647 3065 680 3113 nil
697 3065 734 3113 Μ.
778 3065 811 3128 (ς)
830 3079 966 3127 possumus
983 3065 1046 3123 GM,
1077 3078 1169 3127 posse·

314 3156 369 3190 mus
381 3145 408 3190 V.
445 3144 492 3203 hijs
505 3144 582 3193 Cffi.
618 3143 900 3208 (6)comparumusEP.
928 3144 1033 3201 enimc,
1047 3145 1124 3192 etnim
1137 3147 1167 3194 Ε.

312 3220 347 3286 (8)
364 3237 450 3285 neque
472 3224 541 3273 CFP.
577 3238 662 3286 neque
679 3225 726 3273 FP.
760 3226 863 3274 aufferri
882 3225 911 3274 C.
954 3224 1003 3288 (rr)
1022 3237 1169 3287 proseque·
1278 3252 1280 3257 ·

313 3309 355 3350 tur
374 3303 427 3352 CV.
463 3311 489 3352 et
511 3313 537 3352 et
559 3304 617 3353 sort.
641 3305 667 3352 Ρ.
711 3302 760 3367 (12)
782 3313 954 3367 anteponetur
973 3305 1003 3354 C.
1046 3305 1095 3369 (¹3)
1114 3310 1168 3355 rmi-

313 3382 390 3443 mum]
418 3382 529 3431 divinum
556 3382 583 3447 (r)
611 3384 639 3443 F,
683 3397 729 3432 om.
760 3385 793 3433 G.
839 3385 888 3446 (η)
915 3398 1022 3446 quoque
1049 3393 1089 3433 est
1111 3387 1166 3435 ΞΥ.

313 3459 362 3524 (ις)
387 3462 443 3522 nisi]
468 3475 517 3511 nec
541 3464 575 3512 G.
618 3464 667 3527 (ro)
693 3477 802 3525 numque
825 3477 871 3513 om.
894 3466 921 3513 V.
967 3461 1016 3527 (17)
1032 3464 1164 3514 suentF.

312 3541 376 3602 hyst.
395 3541 446 3589 CF.
481 3540 528 3602 (17.
551 3542 587 3604 ιθ)
604 3543 771 3602 ιοςῑιηιυτΡ,
805 3557 851 3591 om.
871 3545 903 3592 G.
939 3542 988 3606 (ιθ)
1003 3542 1119 3592 discendi
1133 3547 1162 3593 V.
