2850 4694
705 584 763 662 236

312 758 345 831 in
362 781 405 832 ea
423 782 491 831 non
509 774 688 831 amaretur.
723 759 811 831 Mox
829 781 915 856 ergo
934 776 969 832 ut
985 759 1059 833 eius
1077 782 1167 836 con·

312 873 391 945 iunx
405 871 589 947 delunctus
598 892 662 962 est,
672 873 813 947 abiecto
826 874 970 947 seculari
985 873 1104 947 habitu
1118 873 1165 948 ad

311 988 557 1086 omnipotentis
574 987 632 1062 dei
649 988 830 1062 servicium
848 1014 887 1062 se
903 1013 941 1062 se
959 987 1052 1087 apud
1071 991 1166 1063 beati

315 1104 408 1176 Petri
427 1104 574 1202 apostoli
588 1104 772 1177 ecclesiam
792 1103 929 1180 tradidit
943 1105 1061 1202 ibique
1079 1108 1166 1178 mul-

271 1248 280 1297 t
313 1219 354 1292 tis
379 1220 475 1294 annis
501 1219 718 1317 simplicitate
744 1218 860 1293 cordis
885 1238 991 1317 atque
1016 1221 1165 1294 orationi

312 1332 431 1409 dedita
440 1336 533 1432 larga
547 1334 776 1433 indigentibus
789 1336 1040 1409 elimosinarum
1054 1361 1166 1433 opera

312 1450 488 1548 impendit.
501 1453 663 1547 Cumque
673 1450 892 1547 omnipotens
901 1451 988 1525 deus
998 1477 1164 1549 perenem

313 1567 378 1641 iam
389 1566 586 1640 mercedem
602 1565 749 1640 reddere
763 1566 837 1639 eius
851 1568 1026 1641 laboribus
1039 1566 1166 1669 decre-

312 1684 426 1773 visset,
456 1682 572 1756 cancri
604 1685 720 1756 ulcere
755 1682 788 1755 in
823 1682 969 1757 mamilla
999 1707 1167 1781 percussa

270 1818 375 1874 west.
405 1801 589 1872 Nocturno
613 1816 728 1872 autem
754 1816 913 1896 tempore
938 1816 1019 1873 ante
1036 1803 1164 1874 lectum

313 1916 398 1990 illius
424 1915 496 1988 duo
520 1913 728 1988 candelabra
758 1914 875 1988 lucere
900 1934 1166 2005 consueverant,

313 2032 393 2129 quia
410 2030 571 2103 videlicet
588 2030 699 2103 amica
713 2029 796 2103 lucis
815 2054 882 2102 non
901 2032 1010 2103 solum
1029 2031 1164 2128 spirita·

313 2149 363 2220 les
389 2146 451 2220 sed
477 2147 578 2219 etiam
605 2147 807 2242 corporales
825 2147 984 2220 tenebras
1001 2145 1086 2220 odio
1105 2148 1165 2221 lra-

314 2264 428 2336 bebat.
465 2264 549 2362 Que
582 2260 663 2335 dum
698 2278 803 2335 nocte
838 2260 984 2358 quadam
1019 2286 1064 2335 ex
1099 2263 1166 2335 hac

273 2405 297 2455 ις
314 2377 437 2452 eadem
456 2378 586 2451 iaceret
602 2377 795 2451 infirmitate
812 2375 962 2472 fatigata,
980 2375 1064 2450 vidit
1082 2377 1166 2450 bea-

315 2511 384 2566 tum
397 2495 535 2566 Petrum
553 2493 749 2590 apostolum
768 2491 855 2564 inter
874 2509 1016 2588 utraque
1034 2493 1166 2565 cande

314 2608 408 2682 labra
433 2626 512 2681 ante
538 2632 633 2680 suum
661 2609 821 2680 lectulum
845 2606 1049 2681 constitisse.
1084 2609 1166 2681 Nec

314 2725 477 2822 perterita
490 2723 608 2813 timuit,
627 2722 689 2797 sed
707 2748 751 2796 ex
769 2747 888 2798 amore
904 2748 1042 2797 sumens
1059 2722 1166 2798 auda·

315 2841 393 2916 tiam
412 2839 574 2914 exultavit
590 2840 694 2937 eique
712 2839 813 2913 dixit:
835 2837 932 2940 Quid
949 2855 1013 2928 est,
1024 2839 1167 2913 domine

272 2984 302 3019 20
315 2981 429 3044 meus3
448 2956 585 3030 dimissa
602 2975 680 3029 sunt
701 2955 780 3028 milri
800 2972 947 3052 peccata
964 2960 1065 3028 mea?
1095 2956 1165 3030 Cui

315 3072 371 3144 ille
397 3071 637 3168 benignissime
664 3090 699 3143 ut
728 3089 781 3143 est
798 3073 907 3144 vultus
925 3071 1088 3144 inclinato
1107 3095 1166 3146 ca·

315 3188 387 3284 pite
412 3188 528 3260 annuit
550 3186 688 3260 dicens:
718 3186 870 3259 Dimissa
891 3186 1043 3283 quidem,
1075 3189 1163 3260 veni.

316 3302 385 3375 Sed
403 3304 484 3400 quia
501 3302 672 3400 quandam
691 3302 983 3376 sanctimonialem
1003 3303 1164 3377 seminam

316 3418 348 3490 in
374 3419 500 3491 eodem
532 3419 740 3490 monasterio
758 3443 820 3515 pre
846 3418 972 3490 ceteris
988 3418 1165 3515 diligebat,

274 3560 301 3613 ις
317 3532 408 3605 illico
426 3535 530 3607 Galla
546 3533 735 3607 subiunxit:
757 3535 874 3630 Rogo,
890 3550 925 3605 ut
937 3557 1036 3605 soror
1050 3535 1166 3607 Rene-
