2850 4694
727 565 781 646 178

322 763 393 810 rum
409 736 551 811 huiusce
565 736 711 812 civitatis
724 735 904 812 subrustici
919 735 1016 832 quasi
1031 735 1174 833 quidam

320 850 455 926 vivendi
474 877 588 927 mores
607 876 662 925 me
679 853 724 925 ab
737 853 804 926 hae
818 876 854 924 re
869 876 936 925 non
951 850 1176 925 mediocriter

320 968 552 1060 deterrebant,
570 994 685 1043 verum
711 969 814 1044 etiam
842 968 960 1042 mirum
979 968 1011 1041 in
1030 968 1172 1043 modum

319 1086 618 1183 pertimescebam,
637 1110 680 1158 ne
698 1085 758 1159 tibi
773 1083 920 1158 ludibrio
932 1108 1056 1172 essem,
1075 1084 1172 1181 quod

292 1226 303 1279 t
320 1201 404 1276 meis
423 1201 553 1276 insulsis
570 1226 614 1276 ac
632 1200 816 1277 inconditis
833 1201 953 1274 litteris
970 1216 1061 1274 tuam
1079 1201 1171 1299 opti·

318 1316 1170 1414 mametadmirabilemfacundiamtemptarequo

317 1431 505 1507 dammodo
522 1432 695 1506 auderem.
725 1435 811 1534 Quo
830 1455 977 1530 namque
1000 1431 1072 1505 iure
1090 1457 1169 1531 spe-

317 1572 426 1622 rarem
450 1548 482 1621 in
501 1551 570 1622 hoc
587 1547 792 1653 arrogantiae
809 1565 867 1622 aut
885 1547 1085 1621 temeritatis
1104 1547 1169 1622 cri·

316 1688 394 1737 men
436 1664 599 1763 effugere,
636 1663 731 1761 quod
765 1688 846 1763 ego,
881 1663 939 1760 qui
975 1664 1099 1737 nullam
1136 1664 1168 1737 in

274 1804 304 1842 ιο
316 1779 468 1854 dicendo
493 1779 630 1878 copiam
657 1804 700 1854 ac
726 1779 923 1854 facultatem
950 1804 1023 1852 sum
1042 1803 1168 1853 conse·

315 1911 425 1985 cutus,
442 1897 564 1968 vellem
578 1895 651 1986 tibi,
666 1921 745 1993 quae
759 1920 827 1968 non
844 1896 955 1969 solum
970 1895 1056 1968 inter
1070 1895 1168 1994 igno·
1240 1883 1242 1887 ¹

315 2008 383 2083 bile
400 2013 530 2109 vulgus,
548 2010 611 2084 sed
629 2027 665 2084 et
683 2011 770 2084 inter
787 2010 1007 2086 doctissimos
1020 2034 1063 2085 ac
1077 2036 1168 2108 prae·

313 2125 519 2201 clarissimos
544 2126 634 2201 viros
661 2153 729 2201 non
757 2126 927 2200 minimam
954 2127 1166 2223 eloquentiae

314 2240 449 2316 laudem
476 2241 604 2340 adepta
628 2268 678 2333 es,
705 2242 790 2316 meis
808 2242 927 2316 litteris
945 2245 1034 2316 hanc
1053 2267 1164 2318 meam

271 2381 296 2431 ις
314 2356 480 2432 inscitiam
515 2363 713 2434 ostentare?
751 2358 816 2433 llis
850 2376 964 2433 autem
999 2357 1166 2457 proximis

312 2471 434 2548 diebus
467 2475 592 2573 elapsis
634 2500 712 2550 cum
743 2475 965 2575 perlegissem
996 2475 1164 2572 quasdam

312 2603 386 2662 tuas
411 2615 491 2686 quae
516 2589 561 2665 ad
588 2615 705 2665 manus
731 2615 825 2667 meas
847 2608 1074 2689 pervenerant
1089 2594 1165 2667 ele·

309 2703 523 2800 gantissimas
551 2705 715 2803 epistolas
743 2731 786 2782 ac
811 2709 1033 2782 vehementer
1062 2707 1095 2782 in
1124 2709 1164 2786 iis

357 2985 599 3051 (thuassssuoss
633 2988 737 3051 quidem
753 2990 832 3040 mv.
851 2988 1013 3052 (almoress
1047 3004 1160 3044 nomn.

312 3066 376 3116 GM.
410 3065 650 3130 (Jldeterebante
684 3069 770 3132 etiam]
787 3078 813 3120 et
828 3071 855 3119 Ε.
889 3069 924 3133 (ς)
941 3071 1049 3134 meis]in
1064 3071 1102 3121 eis
1119 3074 1160 3124 Μ.

310 3147 356 3195 ins.
374 3159 405 3196 ec
420 3144 456 3208 (et
472 3148 527 3198 aute
542 3148 611 3212 ωπ.)
628 3149 709 3200 minus
725 3149 773 3199 ine
801 3151 834 3200 G.
876 3149 909 3214 (6)
935 3151 1074 3201 mirabilem
1092 3153 1159 3204 GM.

309 3233 409 3276 tentare
433 3228 485 3276 BV.
529 3229 562 3290 (7.
580 3231 605 3293 8)
621 3243 771 3292 superarem
791 3231 854 3291 CM,
887 3244 991 3293 possem
1012 3232 1045 3281 G.
1080 3232 1114 3296 (8)
1135 3234 1160 3284 in

308 3319 354 3354 om.
365 3307 398 3355 G.
416 3306 606 3371 (olquod]cum
623 3310 650 3358 Ε.
678 3312 710 3371 (9.
724 3310 935 3374 ιο)ἰηάἰοοηὰἰο
954 3311 1005 3375 (ιο)
1012 3312 1054 3375 ιο)
1070 3321 1114 3362 aut
1123 3316 1157 3365 G.

306 3385 353 3433 sim
372 3386 405 3444 G,
430 3400 476 3435 om.
501 3390 528 3436 V.
563 3398 718 3440 cunsecutus
738 3391 765 3438 V.
810 3390 860 3454 (ιι)
876 3393 959 3440 uelem
976 3392 1006 3441 C.
1051 3392 1100 3457 (υ)
1117 3405 1159 3446 set

309 3464 365 3513 GV.
401 3466 436 3527 et]
455 3467 658 3527 euaonmnu
683 3470 746 3520 GM.
786 3470 835 3532 (ιι.
861 3472 899 3534 1³)
916 3472 1082 3534 praestantius.
1102 3476 1156 3524 BV.

307 3542 523 3607 (urlinseientiam
537 3560 647 3598 onerare
663 3550 691 3598 tt
726 3549 783 3600 llils
800 3552 833 3603 G.
867 3549 918 3613 (18)
934 3550 1023 3612 hijsc,
1040 3552 1078 3603 his
1090 3555 1157 3608 GM.
