2850 4694
532 626 565 686 al

127 796 308 872 honestate
338 797 485 896 fulgetis,
521 815 556 870 ut
589 822 633 871 ex
663 797 821 870 omnibus
848 792 975 870 Latinis

125 912 309 1010 virginibus
339 913 512 1010 principes
537 914 649 986 ambae
678 929 851 1009 tamquam
877 912 976 985 vobis

127 1028 290 1125 peculiari
319 1046 355 1101 et
384 1028 534 1126 legitima
567 1028 737 1126 praestetis
766 1027 973 1125 eloquentia.

126 1147 162 1217 ln
181 1147 249 1219 hoc
265 1145 419 1218 Biancha
434 1161 552 1234 mater,
567 1145 687 1217 mulier
702 1144 976 1242 generosissima,

126 1259 237 1357 dignis
254 1258 410 1333 laudibus
431 1258 570 1332 effertur
587 1259 619 1332 in
638 1261 774 1347 caelum,
792 1259 848 1333 illa
864 1258 976 1356 dignis
1009 1284 1018 1334 ς

127 1375 310 1473 praeconiis
339 1377 555 1449 collustratur
580 1377 632 1476 ab,
654 1376 822 1466 omnibus,
849 1376 882 1448 in
909 1400 977 1480 qua

126 1490 276 1588 effigiem
291 1492 467 1566 Corneliae
486 1491 605 1566 intueri
619 1516 662 1566 ac
676 1492 829 1566 venerari
848 1492 898 1566 sas
911 1510 973 1566 est.

128 1608 177 1679 Ea
194 1622 298 1680 tantae
324 1606 532 1704 praestantiae
559 1606 661 1680 luisse
693 1607 807 1697 fertur,
837 1625 872 1680 ut
897 1623 977 1705 post

127 1721 186 1794 viri
212 1722 262 1795 sui
280 1722 411 1795 obitum
440 1722 624 1796 Ptolomaei
648 1722 737 1820 regis
764 1723 897 1821 nuptias
924 1749 977 1797 re

127 1839 265 1935 spuerit.
298 1840 390 1912 Cum
420 1838 478 1911 ille
502 1856 539 1911 et
560 1837 763 1912 diadematis
788 1839 1023 1913 communi-1o

127 1954 300 2027 cationem
330 1953 480 2043 offerret,
507 1954 540 2026 in
565 1953 728 2027 viduitate
754 1978 978 2052 perseverans

127 2069 304 2143 Tiberium
338 2085 374 2142 et
408 2068 534 2142 Gaium
570 2070 657 2142 lilios
693 2070 894 2167 superstites
926 2069 977 2143 sic

128 2184 307 2282 splendide
345 2183 517 2274 educavit,
557 2202 592 2257 ut
629 2209 707 2258 cum
747 2183 978 2283 magnitudine

129 2300 251 2374 indolis
276 2317 414 2374 ceteros
442 2302 622 2373 Romanos
644 2300 718 2373 sine
744 2301 979 2375 controversia

127 2415 305 2506 anteirent,
321 2415 478 2489 doctrina
492 2416 711 2513 praevaluisse
724 2416 784 2490 visi
803 2417 886 2505 sint;
904 2416 978 2490 eius
995 2437 1020 2487 15

127 2530 217 2603 enirn
243 2530 418 2628 diligentia
443 2555 464 2604 a
489 2531 604 2628 pueris
634 2531 752 2604 edocti
778 2550 815 2605 et
840 2532 978 2606 Graecis

128 2644 246 2718 litteris
258 2644 380 2718 eruditi
400 2645 545 2735 luerunt,
560 2646 683 2743 quibus
696 2646 978 2743 exquisitissimos

128 2784 172 2833 ex
190 2761 332 2834 Graecia
357 2761 535 2857 magistros
561 2760 752 2835 advocavit.
784 2763 842 2836 Sic
867 2780 979 2836 vestra

128 2876 226 2949 vobis
243 2875 482 2949 disertissimos
504 2894 741 2974 praeceptores
757 2878 873 2976 elegit,
891 2902 979 2975 quo·

129 3016 200 3065 rum
231 2991 412 3089 disciplina
440 2992 472 3065 in
504 2992 815 3066 honestissimorum
847 3018 978 3067 motum
994 3015 1026 3050 ²0

176 3194 209 3259 (ι)
224 3203 318 3257 tamqu.
336 3208 382 3243 om.
400 3195 436 3244 M.
486 3209 533 3245 vos
555 3196 618 3245 GM.
653 3196 688 3259 (l)
711 3197 842 3258 peculiare
866 3198 892 3243 V.
909 3197 980 3258 legit-

129 3274 188 3324 tima
205 3277 237 3324 G.
272 3274 306 3337 (7)
330 3274 413 3323 elllem
435 3276 462 3322 V.
503 3274 537 3339 (8)
561 3275 606 3336 Ea]
629 3283 654 3324 et
670 3275 733 3324 GM.
778 3275 856 3323 luisse
877 3289 923 3323 om.
948 3276 977 3325 C

130 3354 163 3417 (9)
187 3355 271 3403 Prhol.
299 3355 356 3403 GV.
400 3354 449 3418 (ιο)
475 3354 550 3417 dyad.
579 3356 611 3403 G.
649 3355 775 3403 comunlc.
803 3357 829 3402 V.
874 3355 924 3418 (ιι)
953 3358 979 3404 ln

129 3433 265 3484 dlutateC.
299 3432 512 3497 (raleaiumCV.
547 3434 802 3497 (ulmagnitudinem
816 3435 842 3482 V.
877 3434 926 3498 (ις)
937 3449 980 3483 an·

130 3513 207 3562 nltent
237 3515 263 3563 V.
298 3520 355 3562 sunt
376 3513 443 3562 codd.
485 3514 534 3577 (1⁶)
558 3513 659 3563 edoctis
681 3516 706 3561 V.
742 3515 790 3577 (18.
812 3514 848 3576 ιφ)
866 3515 891 3563 Sl
906 3516 980 3564 vobis

130 3601 212 3641 vestm
229 3593 258 3642 G
