2850 4694
676 578 718 620 ΧΧ

321 731 513 803 Postremae
543 728 689 827 Georgii
716 730 839 803 litterae
871 727 1039 802 Bononiae
1065 726 1124 801 die

270 846 384 917 XXll.
413 844 537 918 mensis
563 844 633 917 lulii
660 842 750 918 datae
776 860 864 935 sunt,
882 842 944 917 sed
963 861 1072 916 utrum
1090 868 1122 916 a

277 959 367 1055 1436
383 984 426 1033 an
451 985 552 1058 1437,
568 985 634 1032 non
649 976 794 1033 constat.
815 957 898 1032 lllud
913 975 1026 1031 autem
1041 956 1124 1032 ideo

272 1073 361 1149 haud
372 1075 440 1148 veri
455 1075 563 1150 simile
576 1074 721 1165 videtur,
733 1074 828 1173 quod
838 1073 934 1148 credi
943 1073 997 1147 vix
1007 1090 1125 1172 potest

271 1190 462 1289 Georgium
491 1191 555 1264 iam
582 1208 661 1288 post
679 1207 748 1265 tres
765 1208 969 1288 quattuorve
988 1215 1126 1264 menses

273 1306 416 1380 Patauio
443 1306 634 1379 Bononiam
661 1331 699 1379 se
717 1306 904 1380 contulisse
922 1321 958 1379 et
976 1304 1008 1377 in
1028 1304 1124 1378 initio

270 1422 428 1519 epistolae
453 1420 629 1518 Georgius
654 1446 692 1494 se
706 1439 860 1507 excusat,
877 1419 973 1518 quod
992 1419 1126 1517 legibus

271 1553 362 1610 totus
396 1536 545 1610 intentus
580 1562 735 1610 sororum
771 1562 873 1635 paene
907 1536 1034 1609 oblitus
1067 1535 1122 1610 sit.

271 1650 368 1754 Quid
394 1677 453 1726 eas
479 1652 599 1725 iterum
626 1653 658 1725 in
686 1652 885 1726 memoriam
911 1677 1005 1725 suam
1024 1677 1125 1725 revo-

269 1767 408 1858 caverit,
436 1768 510 1864 ipse
540 1784 661 1842 narrat.
699 1771 860 1865 Namque
891 1768 921 1839 in
950 1766 1027 1840 loro
1060 1792 1125 1865 pu-

271 1884 364 1958 blico
389 1883 484 1981 quod
519 1901 598 1957 ante
626 1883 798 1958 basilicam
825 1883 997 1982 pontilicis
1022 1883 1123 1957 situm

270 2015 324 2073 est
361 2015 397 2072 et
430 2024 451 2072 a
483 1999 707 2089 scholaribus,
743 1997 945 2073 doctoribus
978 2015 1014 2072 et
1046 1999 1124 2074 viris

271 2114 440 2188 nobilibus
459 2114 666 2212 frequentari
684 2115 819 2188 solitum
838 2132 902 2206 est,
917 2115 1006 2188 sorte
1018 2116 1124 2188 scho-

270 2230 387 2304 larium
422 2230 532 2303 coetui
567 2256 605 2305 se
637 2231 828 2321 immiscuit,
859 2231 917 2327 qui
945 2230 1124 2328 unusquis·

270 2371 340 2443 que
362 2370 426 2443 pro
451 2346 591 2420 arbitrio
612 2347 703 2421 viros
720 2347 1021 2444 eloquentissimos
1048 2346 1124 2444 qui·

271 2463 334 2534 bus
373 2460 431 2534 illo
461 2461 670 2558 potissimum
704 2478 861 2559 tempore
895 2461 988 2535 ltalia
1021 2462 1124 2536 llore-

271 2577 330 2650 bat
350 2577 588 2651 recensebant.
604 2575 761 2650 Tandem
785 2602 863 2650 cum
887 2577 950 2650 iam
969 2603 1032 2675 per
1048 2579 1124 2650 lon-

270 2718 350 2790 gum
370 2710 504 2789 tempus
525 2690 571 2765 de
593 2694 659 2766 hac
673 2718 709 2766 re
727 2693 1019 2790 colloquerentur,
1038 2716 1124 2766 unus

271 2834 314 2882 ex
346 2806 508 2880 Calabria
545 2805 709 2881 oriundus
747 2807 902 2905 prorupit
936 2808 967 2879 in
998 2809 1121 2882 verba:

273 2921 371 3025 Quid
396 2922 486 2996 viros
517 2923 818 2997 commemoratis?
850 2923 1023 3020 inquiens;
1055 2923 1123 3021 legi

272 3038 414 3113 duarum
459 3038 621 3136 virginum
664 3038 912 3113 Veronensium
959 3039 1124 3137 epistolas

272 3151 436 3251 quasdam
472 3152 543 3227 viro
579 3153 723 3250 patricio
754 3154 942 3227 Francisco
969 3155 1123 3228 Barbaro

272 3284 439 3357 exaratas,
455 3268 577 3365 quibus
591 3268 682 3341 adeo
696 3267 916 3341 disertissime
930 3271 1072 3366 pollent,
1088 3286 1124 3342 ut

273 3383 398 3458 nedum
430 3384 461 3456 in
489 3384 539 3457 his
564 3384 921 3482 eloquentissimorum
948 3385 1122 3458 hominum

272 3499 423 3598 effigiem
442 3500 667 3600 contemplari
686 3499 736 3574 las
753 3500 806 3591 sit,
821 3499 883 3574 sed
899 3499 970 3575 illas
985 3500 1016 3572 in
1031 3502 1125 3575 Cor·
