2850 4694
722 586 774 641 ¹32

318 741 465 815 demersi
478 757 748 815 novamaetatem
759 741 1090 841 recipiant,aliisque
1102 744 1176 816 ubi·

319 882 395 930 nam
413 857 565 956 gentium
584 857 782 954 reperiatur,
797 857 1000 954 investigare
1016 857 1062 930 sit
1078 882 1174 946 cura,

319 973 399 1046 mihi
418 998 502 1047 vero
530 991 564 1048 tu
586 998 676 1047 nunc
702 973 910 1047 carminibus
936 972 1002 1046 tuis
1029 973 1174 1070 optatis·

317 1088 391 1162 simi
410 1089 508 1163 huius
535 1089 638 1163 lontis
655 1090 775 1163 latices
800 1088 1030 1187 superfudisti‚
1052 1104 1087 1161 ut
1107 1088 1171 1162 mei

292 1229 301 1281 t
319 1204 454 1300 penitus
471 1204 588 1294 oblita,
607 1230 687 1301 quae
705 1204 750 1278 de
769 1231 824 1278 me
842 1204 975 1293 finxisti,
994 1228 1077 1278 vera
1095 1229 1172 1278 esse

319 1319 398 1392 mihi
434 1320 585 1416 quodam
621 1320 727 1394 modo
760 1320 1009 1395 somniaverim.
1056 1322 1172 1394 Recte

318 1435 418 1533 igitur
444 1436 538 1525 lacis,
566 1436 623 1533 qui
651 1437 866 1533 prudentiam
892 1453 928 1509 et
953 1435 1033 1509 iuris
1058 1436 1171 1510 scien-

317 1550 396 1625 tiam
423 1551 561 1625 dicendi
587 1551 752 1626 suavitate
770 1570 806 1626 et
822 1551 1021 1649 eloquentia
1046 1577 1171 1626 ornare

317 1667 510 1757 contendis,
533 1693 613 1764 quae
639 1669 791 1743 omnium
817 1669 974 1742 virtutum
1001 1668 1170 1742 inventrix

273 1805 303 1842 10
316 1799 379 1874 est,
398 1783 566 1881 inceptrix
584 1801 619 1857 et
645 1785 842 1882 perfectrix.
872 1786 923 1874 Et,
943 1801 978 1858 ut
1003 1784 1100 1858 testis
1119 1801 1170 1858 est

315 1897 458 1989 Cicero,
477 1900 677 1997 eloquentia
706 1901 857 1974 inomni
888 1900 997 1973 libero
1023 1903 1169 1998 populo

316 2014 348 2086 in
375 2014 466 2088 omni
498 2041 535 2088 re
562 2016 700 2113 publica
730 2016 829 2090 bonis
848 2016 998 2089 moribus
1016 2016 1169 2090 instituta

316 2128 464 2204 maximo
489 2155 627 2229 semper
652 2132 684 2204 in
712 2134 843 2206 honore
870 2132 984 2205 habita
1001 2149 1064 2205 est.
1092 2137 1169 2230 Age

256 2227 269 2247 κ
313 2270 408 2334 vero,
428 2246 523 2342 quod
542 2247 573 2319 in
592 2247 734 2345 agendis
760 2248 871 2321 causis
889 2247 1027 2344 reisque
1045 2247 1168 2322 delen-

271 2381 298 2436 1t
314 2360 436 2435 dendis
466 2387 609 2460 operam
640 2389 754 2452 navas,
785 2380 913 2461 quanto
944 2363 1004 2436 tibi
1032 2365 1105 2439 usui
1133 2383 1168 2439 et

314 2478 436 2551 honori
454 2479 565 2553 lutura
581 2480 634 2569 sit,
654 2479 805 2555 historiae
823 2497 996 2554 testantur.
1025 2483 1067 2553 Et
1085 2481 1166 2555 illud

361 2828 393 2891 (ι)
411 2830 514 2879 dimersi
531 2831 619 2891 cGM,
641 2831 747 2881 dimensi
765 2834 796 2881 R.
832 2833 949 2894 incipiant
965 2834 1019 2881 sive
1040 2835 1166 2898 recipiant

314 2909 343 2958 t:
369 2910 423 2959 aliis
449 2911 500 2958 ΙΝ.
543 2909 577 2972 (ι)
603 2912 717 2974 repiatur
742 2914 778 2961 M.
828 2922 866 2962 sat
890 2915 953 2963 GM.
997 2913 1030 2974 (3.
1050 2916 1075 2977 4)
1093 2925 1167 2978 opta-

313 2989 412 3038 tissimis
438 2992 465 3038 E.
518 2990 551 3052 (4)
581 2992 645 3041 illius
673 2994 704 3040 R.
755 2994 828 3042 latice
852 2995 914 3043 GM.
970 2995 1108 3055 profudisti
1131 2999 1163 3046 R.

312 3069 346 3131 (ς)
370 3083 445 3130 quarn
476 3072 506 3118 R.
558 3071 591 3133 (ό)
619 3072 834 3133 quemadmodum
862 3075 893 3122 R.
945 3088 1044 3135 sompn.
1074 3077 1163 3136 CMR,

312 3149 488 3199 somniaverim
505 3154 545 3199 vel
560 3153 714 3200 somnuerim
732 3154 763 3202 G.
799 3152 832 3216 (7)
850 3155 977 3214 quiicum
996 3156 1023 3201 Ε.
1058 3156 1119 3204 viris
1130 3158 1162 3205 R.

312 3230 345 3291 (Β)
362 3231 511 3278 suavitatem
535 3239 561 3280 et
584 3233 756 3293 eloquentiam
774 3235 802 3281 E.
822 3235 899 3295 elloq.
920 3235 950 3281 R.
992 3234 1041 3295 (η)
1061 3249 1117 3298 rep.
1137 3248 1164 3288 et

312 3309 386 3358 bonis
407 3311 444 3358 Μ.
485 3311 569 3371 bonis]
590 3312 687 3361 abortis
705 3313 737 3360 G.
783 3314 832 3376 (¹⁴)
857 3328 920 3362 vero
938 3323 965 3363 ut
984 3315 1027 3375 qui
1051 3316 1083 3363 R.
1119 3319 1164 3377 qui

312 3390 400 3437 GMR.
435 3389 536 3452 (1415)
554 3390 666 3440 deffend.
685 3392 717 3439 R.
753 3393 801 3453 (ις)
819 3406 924 3453 operam
941 3408 986 3442 om.
1006 3394 1036 3443 C.
1071 3396 1121 3444 sibi
1133 3399 1162 3445 V.

310 3482 340 3516 ac
358 3468 421 3516 GM.
467 3468 516 3529 (ιό)
535 3471 633 3518 honore
653 3471 682 3523 C.
705 3472 809 3519 honoris
832 3473 859 3519 V.
895 3486 926 3520 ea
945 3473 989 3522 lut.
1013 3477 1040 3521 E.
1077 3475 1164 3527 future

310 3548 358 3595 sint
376 3548 407 3595 R.
443 3549 506 3611 hyst.
527 3550 558 3598 R.
591 3557 719 3599 testentur
737 3552 800 3599 GM.
