2850 4694
645 584 732 631 XXVI!

264 760 299 816 et
313 769 385 840 quo
399 745 532 817 honore
545 767 683 817 sorores
692 744 736 816 ab
745 742 904 815 omnibus
914 741 1039 816 habitae
1048 742 1115 816 sint

264 859 543 948 consideraverit,
563 885 631 932 non
649 858 832 947 mirabitur,
851 858 946 956 quod
965 859 1115 933 nonnulli

265 975 404 1048 invenes
424 975 589 1049 Ferrariae
608 974 795 1072 praesertim
816 974 943 1047 Latinis
960 975 1115 1050 Graecis-

265 1116 334 1187 que
357 1091 475 1164 litteris
497 1090 655 1164 Guarino
673 1090 765 1164 duce
786 1114 927 1187 operam
956 1108 1116 1165 navantes

264 1231 403 1280 sorores
421 1206 540 1280 litteris
557 1205 713 1280 adierunt
730 1231 773 1279 ea
793 1204 903 1280 credo
924 1230 987 1303 spe
1009 1205 1114 1298 ducti,

266 1320 411 1396 futurum
430 1347 508 1396 esse
526 1338 791 1419 utacceptarum
803 1321 939 1394 laudum
951 1321 1041 1394 haud
1057 1322 1116 1394 im-

265 1463 436 1512 memores
458 1438 568 1512 vicem
591 1462 655 1535 pro
673 1437 750 1510 vice
773 1436 968 1511 redderent.
997 1439 1116 1534 ltaque

265 1554 484 1644 Hieronymus
495 1553 1115 1651 Guarinusfiliusetdiscipulusmagni

266 1669 351 1744 illius
365 1670 423 1742 viri
435 1672 538 1767 paulo
549 1686 627 1767 post
637 1687 767 1767 patrem
779 1667 848 1764 (die
857 1671 979 1741 XXX.
992 1670 1117 1744 mensis

268 1785 479 1859 Decembris
500 1811 529 1859 a.
557 1783 658 1884 1437)
677 1781 796 1857 litteris
813 1784 856 1858 ad
874 1810 1011 1859 sorores
1029 1785 1117 1859 datis

266 1917 482 1999 quantopere
496 1926 555 1975 eas
568 1903 702 1975 coleret
714 1899 890 1998 professus
899 1917 962 1990 est,
973 1900 1117 1975 eodem-

266 2017 427 2113 quesere
454 2033 611 2114 tempore
637 2017 720 2090 alius
747 2016 890 2090 Guarini
917 2015 1115 2114 discipulus,

146 2167 155 2178 ·
267 2130 448 2205 Ludouicus
474 2132 638 2206 Cendroto
655 2132 875 2221 Veronensis,
895 2132 952 2230 qui
970 2157 1000 2206 a.
1027 2134 1117 2228 1480

267 2248 403 2345 losephi
420 2248 524 2321 Flavii
539 2273 627 2345 opus
640 2248 686 2321 de
700 2249 800 2321 Bello
813 2246 953 2322 Iudaico
966 2250 1117 2323 Veronae

268 2363 528 2461 imprimendum
547 2365 677 2438 curavit
694 2382 730 2437 et
748 2364 805 2461 qui
823 2364 926 2438 etiam
945 2363 990 2438 de
1004 2390 1040 2439 re
1054 2389 1117 2462 pu-

267 2479 358 2552 blica
374 2478 639 2554 administranda
648 2480 740 2553 bene
758 2480 896 2554 meritus
910 2497 973 2567 est,
985 2490 1012 2536 ³⁹
1030 2505 1118 2578 prae-

267 2595 420 2693 ceptoris
438 2612 474 2669 et
490 2595 732 2669 commilitonis
757 2597 952 2693 exemplum
979 2613 1119 2669 secutus

267 2713 496 2785 est.Fortasse
506 2711 608 2784 etiam
618 2710 913 2808 TobiasBurgus,⁴⁰
927 2711 985 2807 qui
996 2726 1118 2808 postea

270 2827 528 2900 Malatestarum
555 2825 706 2899 Ariminii
733 2825 949 2900 dominorum
980 2825 1119 2899 servitio

268 2939 426 3014 addictus
443 2965 562 3014 eorum
582 2965 636 3014 res
653 2958 767 3038 gestas
785 2941 961 3015 memoriae
980 2940 1118 3014 manda·

268 3054 325 3141 vit,
344 3057 464 3129 horum
483 3058 645 3154 exemplo
662 3057 831 3130 excitatus
851 3056 1016 3130 Ferrariae
1034 3082 1119 3130 con-

268 3171 376 3244 silium
405 3170 549 3245 iamdiu
577 3189 715 3271 captum
742 3189 927 3246 exsecutus
944 3173 1119 3246 sororibus

268 3287 413 3388 scripsit,
423 3312 629 3387 quamquam
644 3313 690 3362 eo
704 3304 861 3385 tempore
871 3312 909 3361 se
919 3288 1038 3363 serutae
1049 3313 1119 3362 ma·
1158 3338 1160 3342 ι

269 3428 347 3475 num
367 3403 431 3476 iam
449 3403 653 3477 subduxisse
678 3404 823 3477 affirmat
848 3420 884 3477 et
909 3406 1013 3501 paulo
1039 3421 1119 3502 post

268 3519 422 3591 Venetiis
449 3519 547 3591 nobis
574 3519 724 3592 occurrit
753 3545 866 3616 neque
897 3545 915 3591 a
946 3520 1118 3592 Damiano
