<?xml version="1.0" encoding="UTF-8"?>
<!DOCTYPE html PUBLIC "-//W3C//DTD XHTML 1.0 Transitional//EN"
    "http://www.w3.org/TR/xhtml1/DTD/xhtml1-transitional.dtd">
<html xmlns="http://www.w3.org/1999/xhtml" xml:lang="en" lang="en">
 <head>
  <title>
</title>
<meta http-equiv="Content-Type" content="text/html;charset=utf-8" />
  <meta name='ocr-system' content='tesseract 3.04.00' />
  <meta name='ocr-capabilities' content='ocr_page ocr_carea ocr_par ocr_line ocrx_word'/>
</head>
<body>
  <div class='ocr_page' id='page_1' title='image "./isotnogarolvero00nogagoog/isotnogarolvero00nogagoog_0336.png"; bbox 0 0 2850 4694; ppageno 0'>
   <div class='ocr_carea' id='block_1_1' title="bbox 714 620 768 694">
    <p class='ocr_par' dir='ltr' id='par_1_1' title="bbox 714 620 768 694">
     <span class='ocr_line' id='line_1_1' title="bbox 714 620 768 694; baseline -0.111 0"><span class='ocrx_word' id='word_1_1' title='bbox 714 620 768 694; x_wconf 73' lang='lat'>¹5⁴</span> 
     </span>
    </p>
   </div>
   <div class='ocr_carea' id='block_1_2' title="bbox 270 780 1169 2490">
    <p class='ocr_par' dir='ltr' id='par_1_2' title="bbox 270 780 1169 2490">
     <span class='ocr_line' id='line_1_2' title="bbox 312 780 1168 873; baseline 0.005 -21"><span class='ocrx_word' id='word_1_2' title='bbox 312 781 391 853; x_wconf 87' lang='lat' dir='ltr'>nulii</span> <span class='ocrx_word' id='word_1_3' title='bbox 432 780 682 873; x_wconf 79' lang='lat' dir='ltr'>damnarentur,</span> <span class='ocrx_word' id='word_1_4' title='bbox 719 783 798 856; x_wconf 90' lang='lat' dir='ltr'>nulli</span> <span class='ocrx_word' id='word_1_5' title='bbox 841 784 1063 872; x_wconf 86' lang='lat' dir='ltr'>solverentur,</span> <span class='ocrx_word' id='word_1_6' title='bbox 1101 783 1168 858; x_wconf 86' lang='lat' dir='ltr'>nisi</span> 
     </span>
     <span class='ocr_line' id='line_1_3' title="bbox 310 895 1169 998; baseline 0.007 -31"><span class='ocrx_word' id='word_1_7' title='bbox 310 919 399 991; x_wconf 88' lang='lat' dir='ltr'>quos</span> <span class='ocrx_word' id='word_1_8' title='bbox 415 895 596 971; x_wconf 86' lang='lat' dir='ltr'>damnatos</span> <span class='ocrx_word' id='word_1_9' title='bbox 613 901 815 996; x_wconf 86' lang='lat' dir='ltr'>solutosque</span> <span class='ocrx_word' id='word_1_10' title='bbox 832 898 1003 972; x_wconf 85' lang='lat' dir='ltr'>voluisset.</span> <span class='ocrx_word' id='word_1_11' title='bbox 1019 901 1169 998; x_wconf 87' lang='lat' dir='ltr'>Quanta</span> 
     </span>
     <span class='ocr_line' id='line_1_4' title="bbox 310 1011 1165 1089; baseline 0.005 -4"><span class='ocrx_word' id='word_1_12' title='bbox 310 1011 401 1085; x_wconf 92' lang='lat' dir='ltr'>enim</span> <span class='ocrx_word' id='word_1_13' title='bbox 415 1030 451 1085; x_wconf 91' lang='lat' dir='ltr'>et</span> <span class='ocrx_word' id='word_1_14' title='bbox 468 1015 604 1087; x_wconf 87' lang='lat' dir='ltr'>humani</span> <span class='ocrx_word' id='word_1_15' title='bbox 618 1033 654 1087; x_wconf 90' lang='lat' dir='ltr'>et</span> <span class='ocrx_word' id='word_1_16' title='bbox 667 1014 771 1088; x_wconf 87' lang='lat' dir='ltr'>divini</span> <span class='ocrx_word' id='word_1_17' title='bbox 790 1015 869 1087; x_wconf 91' lang='lat' dir='ltr'>iuris</span> <span class='ocrx_word' id='word_1_18' title='bbox 882 1014 1025 1088; x_wconf 89' lang='lat' dir='ltr'>scientia</span> <span class='ocrx_word' id='word_1_19' title='bbox 1039 1016 1165 1089; x_wconf 78' lang='lat' dir='ltr'>flores!</span> 
     </span>
     <span class='ocr_line' id='line_1_5' title="bbox 311 1128 1167 1229; baseline 0.005 -28"><span class='ocrx_word' id='word_1_20' title='bbox 311 1130 429 1229; x_wconf 83' lang='lat' dir='ltr'>Quam</span> <span class='ocrx_word' id='word_1_21' title='bbox 456 1128 502 1202; x_wconf 87' lang='lat' dir='ltr'>ita</span> <span class='ocrx_word' id='word_1_22' title='bbox 530 1130 750 1227; x_wconf 84' lang='lat' dir='ltr'>comparasti,</span> <span class='ocrx_word' id='word_1_23' title='bbox 778 1148 813 1203; x_wconf 92' lang='lat' dir='ltr'>ut</span> <span class='ocrx_word' id='word_1_24' title='bbox 840 1156 908 1203; x_wconf 92' lang='lat' dir='ltr'>non</span> <span class='ocrx_word' id='word_1_25' title='bbox 934 1130 1043 1203; x_wconf 92' lang='lat' dir='ltr'>minus</span> <span class='ocrx_word' id='word_1_26' title='bbox 1065 1155 1111 1203; x_wconf 88' lang='lat' dir='ltr'>ex</span> <span class='ocrx_word' id='word_1_27' title='bbox 1131 1149 1167 1205; x_wconf 93' lang='lat' dir='ltr'>te</span> 
     </span>
     <span class='ocr_line' id='line_1_6' title="bbox 285 1245 1167 1343; baseline -0.007 -19"><span class='ocrx_word' id='word_1_28' title='bbox 285 1261 424 1324; x_wconf 73' lang='lat' dir='ltr'>§natam</span> <span class='ocrx_word' id='word_1_29' title='bbox 460 1263 648 1342; x_wconf 69' lang='lat' dir='ltr'>praesentes</span> <span class='ocrx_word' id='word_1_30' title='bbox 681 1245 895 1336; x_wconf 84' lang='lat' dir='ltr'>arbitrentur,</span> <span class='ocrx_word' id='word_1_31' title='bbox 926 1269 1027 1341; x_wconf 91' lang='lat' dir='ltr'>quarn</span> <span class='ocrx_word' id='word_1_32' title='bbox 1059 1246 1167 1343; x_wconf 87' lang='lat' dir='ltr'>prisci</span> 
     </span>
     <span class='ocr_line' id='line_1_7' title="bbox 311 1360 1167 1461; baseline 0.005 -29"><span class='ocrx_word' id='word_1_33' title='bbox 311 1360 356 1433; x_wconf 89' lang='lat' dir='ltr'>iili</span> <span class='ocrx_word' id='word_1_34' title='bbox 376 1361 532 1461; x_wconf 84' lang='lat' dir='ltr'>Quirites</span> <span class='ocrx_word' id='word_1_35' title='bbox 564 1362 690 1436; x_wconf 88' lang='lat' dir='ltr'>auxilio</span> <span class='ocrx_word' id='word_1_36' title='bbox 722 1362 855 1459; x_wconf 68' lang='lat' dir='ltr'>Egeriae</span> <span class='ocrx_word' id='word_1_37' title='bbox 886 1360 1052 1458; x_wconf 87' lang='lat' dir='ltr'>pontificii</span> <span class='ocrx_word' id='word_1_38' title='bbox 1083 1360 1167 1436; x_wconf 89' lang='lat' dir='ltr'>iuris</span> 
     </span>
     <span class='ocr_line' id='line_1_8' title="bbox 311 1476 1167 1574; baseline 0.001 -26"><span class='ocrx_word' id='word_1_39' title='bbox 311 1476 526 1574; x_wconf 87' lang='lat' dir='ltr'>prudentiam</span> <span class='ocrx_word' id='word_1_40' title='bbox 544 1503 565 1549; x_wconf 86' lang='lat' dir='ltr'>e</span> <span class='ocrx_word' id='word_1_41' title='bbox 585 1479 699 1550; x_wconf 83' lang='lat' dir='ltr'>Numa</span> <span class='ocrx_word' id='word_1_42' title='bbox 719 1477 892 1574; x_wconf 81' lang='lat' dir='ltr'>Pompilio</span> <span class='ocrx_word' id='word_1_43' title='bbox 911 1492 1022 1549; x_wconf 89' lang='lat' dir='ltr'>natam</span> <span class='ocrx_word' id='word_1_44' title='bbox 1049 1477 1167 1549; x_wconf 84' lang='lat' dir='ltr'>credi·</span> 
     </span>
     <span class='ocr_line' id='line_1_9' title="bbox 311 1590 1166 1689; baseline 0.001 -25"><span class='ocrx_word' id='word_1_45' title='bbox 311 1590 444 1665; x_wconf 88' lang='lat' dir='ltr'>derunt.</span> <span class='ocrx_word' id='word_1_46' title='bbox 475 1595 675 1689; x_wconf 88' lang='lat' dir='ltr'>Perpaucos</span> <span class='ocrx_word' id='word_1_47' title='bbox 702 1591 863 1688; x_wconf 84' lang='lat' dir='ltr'>profecto</span> <span class='ocrx_word' id='word_1_48' title='bbox 890 1592 1111 1682; x_wconf 81' lang='lat' dir='ltr'>inveniemus,</span> <span class='ocrx_word' id='word_1_49' title='bbox 1132 1593 1166 1666; x_wconf 91' lang='lat' dir='ltr'>in</span> 
     </span>
     <span class='ocr_line' id='line_1_10' title="bbox 311 1706 1167 1804; baseline 0.001 -25"><span class='ocrx_word' id='word_1_50' title='bbox 311 1706 436 1804; x_wconf 89' lang='lat' dir='ltr'>quibus</span> <span class='ocrx_word' id='word_1_51' title='bbox 452 1706 541 1780; x_wconf 89' lang='lat' dir='ltr'>sicut</span> <span class='ocrx_word' id='word_1_52' title='bbox 559 1707 591 1779; x_wconf 95' lang='lat' dir='ltr'>in</span> <span class='ocrx_word' id='word_1_53' title='bbox 610 1724 644 1780; x_wconf 91' lang='lat' dir='ltr'>te</span> <span class='ocrx_word' id='word_1_54' title='bbox 661 1706 796 1780; x_wconf 88' lang='lat' dir='ltr'>vivendi</span> <span class='ocrx_word' id='word_1_55' title='bbox 819 1706 1059 1781; x_wconf 90' lang='lat' dir='ltr'>consuetudini</span> <span class='ocrx_word' id='word_1_56' title='bbox 1078 1731 1167 1780; x_wconf 92' lang='lat' dir='ltr'>con-</span> 
     </span>
     <span class='ocr_line' id='line_1_11' title="bbox 270 1821 1168 1896; baseline -0.001 -1"><span class='ocrx_word' id='word_1_57' title='bbox 270 1845 299 1881; x_wconf 88' lang='lat'>10</span> <span class='ocrx_word' id='word_1_58' title='bbox 311 1840 450 1896; x_wconf 90' lang='lat' dir='ltr'>sonaret</span> <span class='ocrx_word' id='word_1_59' title='bbox 477 1822 573 1895; x_wconf 89' lang='lat' dir='ltr'>ratio.</span> <span class='ocrx_word' id='word_1_60' title='bbox 601 1824 720 1895; x_wconf 88' lang='lat' dir='ltr'>Solent</span> <span class='ocrx_word' id='word_1_61' title='bbox 742 1821 832 1895; x_wconf 95' lang='lat' dir='ltr'>enim</span> <span class='ocrx_word' id='word_1_62' title='bbox 859 1824 937 1896; x_wconf 83' lang='lat' dir='ltr'>haec</span> <span class='ocrx_word' id='word_1_63' title='bbox 954 1823 1095 1896; x_wconf 82' lang='lat' dir='ltr'>excelsa</span> <span class='ocrx_word' id='word_1_64' title='bbox 1112 1823 1168 1895; x_wconf 92' lang='lat' dir='ltr'>di-</span> 
     </span>
     <span class='ocr_line' id='line_1_12' title="bbox 310 1936 1168 2034; baseline 0.002 -25"><span class='ocrx_word' id='word_1_65' title='bbox 310 1937 475 2034; x_wconf 88' lang='lat' dir='ltr'>gnitatum</span> <span class='ocrx_word' id='word_1_66' title='bbox 509 1937 657 2010; x_wconf 89' lang='lat' dir='ltr'>culmina</span> <span class='ocrx_word' id='word_1_67' title='bbox 686 1936 854 2033; x_wconf 90' lang='lat' dir='ltr'>quosdam</span> <span class='ocrx_word' id='word_1_68' title='bbox 886 1937 1019 2011; x_wconf 86' lang='lat' dir='ltr'>inflatos</span> <span class='ocrx_word' id='word_1_69' title='bbox 1048 1940 1168 2034; x_wconf 91' lang='lat' dir='ltr'>splen-</span> 
     </span>
     <span class='ocr_line' id='line_1_13' title="bbox 311 2052 1167 2142; baseline 0 -17"><span class='ocrx_word' id='word_1_70' title='bbox 311 2053 398 2126; x_wconf 92' lang='lat' dir='ltr'>dore</span> <span class='ocrx_word' id='word_1_71' title='bbox 411 2052 545 2126; x_wconf 88' lang='lat' dir='ltr'>luminis</span> <span class='ocrx_word' id='word_1_72' title='bbox 557 2052 648 2126; x_wconf 93' lang='lat' dir='ltr'>adeo</span> <span class='ocrx_word' id='word_1_73' title='bbox 661 2053 794 2142; x_wconf 84' lang='lat' dir='ltr'>efferre,</span> <span class='ocrx_word' id='word_1_74' title='bbox 806 2071 842 2125; x_wconf 92' lang='lat' dir='ltr'>ut</span> <span class='ocrx_word' id='word_1_75' title='bbox 854 2053 1011 2126; x_wconf 86' lang='lat' dir='ltr'>homines</span> <span class='ocrx_word' id='word_1_76' title='bbox 1024 2077 1061 2126; x_wconf 90' lang='lat' dir='ltr'>se</span> <span class='ocrx_word' id='word_1_77' title='bbox 1074 2053 1167 2126; x_wconf 88' lang='lat' dir='ltr'>obii·</span> 
     </span>
     <span class='ocr_line' id='line_1_14' title="bbox 312 2169 1167 2267; baseline -0.001 -25"><span class='ocrx_word' id='word_1_78' title='bbox 312 2188 365 2242; x_wconf 91' lang='lat' dir='ltr'>tos</span> <span class='ocrx_word' id='word_1_79' title='bbox 384 2194 498 2267; x_wconf 86' lang='lat' dir='ltr'>neque</span> <span class='ocrx_word' id='word_1_80' title='bbox 516 2169 632 2267; x_wconf 91' lang='lat' dir='ltr'>quanti</span> <span class='ocrx_word' id='word_1_81' title='bbox 646 2169 712 2242; x_wconf 91' lang='lat' dir='ltr'>sint</span> <span class='ocrx_word' id='word_1_82' title='bbox 725 2193 839 2266; x_wconf 90' lang='lat' dir='ltr'>neque</span> <span class='ocrx_word' id='word_1_83' title='bbox 858 2169 949 2241; x_wconf 91' lang='lat' dir='ltr'>unde</span> <span class='ocrx_word' id='word_1_84' title='bbox 963 2170 1167 2242; x_wconf 85' lang='lat' dir='ltr'>emerserint</span> 
     </span>
     <span class='ocr_line' id='line_1_15' title="bbox 313 2283 1165 2383; baseline -0.001 -26"><span class='ocrx_word' id='word_1_85' title='bbox 313 2303 496 2383; x_wconf 86' lang='lat' dir='ltr'>pensantes</span> <span class='ocrx_word' id='word_1_86' title='bbox 521 2311 559 2359; x_wconf 90' lang='lat' dir='ltr'>se</span> <span class='ocrx_word' id='word_1_87' title='bbox 584 2310 628 2359; x_wconf 85' lang='lat' dir='ltr'>ex</span> <span class='ocrx_word' id='word_1_88' title='bbox 655 2307 784 2381; x_wconf 89' lang='lat' dir='ltr'>pompa</span> <span class='ocrx_word' id='word_1_89' title='bbox 812 2308 856 2357; x_wconf 90' lang='lat' dir='ltr'>ac</span> <span class='ocrx_word' id='word_1_90' title='bbox 885 2283 972 2358; x_wconf 83' lang='lat' dir='ltr'>fastu</span> <span class='ocrx_word' id='word_1_91' title='bbox 1002 2285 1165 2359; x_wconf 83' lang='lat' dir='ltr'>aestimari</span> 
     </span>
     <span class='ocr_line' id='line_1_16' title="bbox 271 2400 1166 2490; baseline 0 -18"><span class='ocrx_word' id='word_1_92' title='bbox 271 2403 439 2474; x_wconf 82' lang='lat' dir='ltr'>1tvolunt.</span> <span class='ocrx_word' id='word_1_93' title='bbox 470 2405 514 2474; x_wconf 82' lang='lat' dir='ltr'>At</span> <span class='ocrx_word' id='word_1_94' title='bbox 533 2402 593 2475; x_wconf 93' lang='lat' dir='ltr'>tibi</span> <span class='ocrx_word' id='word_1_95' title='bbox 623 2425 718 2490; x_wconf 81' lang='lat' dir='ltr'>vere,</span> <span class='ocrx_word' id='word_1_96' title='bbox 744 2400 840 2473; x_wconf 89' lang='lat' dir='ltr'>cuius</span> <span class='ocrx_word' id='word_1_97' title='bbox 870 2400 974 2472; x_wconf 89' lang='lat' dir='ltr'>virtus</span> <span class='ocrx_word' id='word_1_98' title='bbox 998 2418 1034 2473; x_wconf 95' lang='lat' dir='ltr'>et</span> <span class='ocrx_word' id='word_1_99' title='bbox 1059 2400 1166 2473; x_wconf 90' lang='lat' dir='ltr'>animi</span> 
     </span>
    </p>
   </div>
   <div class='ocr_carea' id='block_1_3' title="bbox 313 2707 1165 3650">
    <p class='ocr_par' dir='ltr' id='par_1_3' title="bbox 313 2707 1165 3650">
     <span class='ocr_line' id='line_1_17' title="bbox 359 2707 1163 2775; baseline 0 -17"><span class='ocrx_word' id='word_1_100' title='bbox 359 2711 391 2775; x_wconf 89' lang='grc' dir='ltr'>(ι)</span> <span class='ocrx_word' id='word_1_101' title='bbox 409 2711 510 2772; x_wconf 81' lang='lat' dir='ltr'>dampn.</span> <span class='ocrx_word' id='word_1_102' title='bbox 529 2709 611 2758; x_wconf 75' lang='lat' dir='ltr'>cm.</span> <span class='ocrx_word' id='word_1_103' title='bbox 645 2710 803 2757; x_wconf 82' lang='lat' dir='ltr'>salvarentur</span> <span class='ocrx_word' id='word_1_104' title='bbox 819 2708 846 2756; x_wconf 75' lang='lat' dir='ltr'>F.</span> <span class='ocrx_word' id='word_1_105' title='bbox 880 2707 914 2771; x_wconf 86' lang='lat'>(2)</span> <span class='ocrx_word' id='word_1_106' title='bbox 931 2708 1007 2771; x_wconf 81' lang='lat' dir='ltr'>dapn.</span> <span class='ocrx_word' id='word_1_107' title='bbox 1020 2708 1163 2771; x_wconf 65' lang='lat' dir='ltr'>Rdampn.</span> 
     </span>
     <span class='ocr_line' id='line_1_18' title="bbox 313 2788 1165 2852; baseline 0 -13"><span class='ocrx_word' id='word_1_108' title='bbox 313 2791 351 2840; x_wconf 86' lang='grc' dir='ltr'>Μ.</span> <span class='ocrx_word' id='word_1_109' title='bbox 369 2793 416 2839; x_wconf 84' lang='lat' dir='ltr'>val.</span> <span class='ocrx_word' id='word_1_110' title='bbox 436 2791 473 2839; x_wconf 86' lang='grc' dir='ltr'>Μ.</span> <span class='ocrx_word' id='word_1_111' title='bbox 508 2789 637 2851; x_wconf 77' lang='lat' dir='ltr'>Quantum</span> <span class='ocrx_word' id='word_1_112' title='bbox 654 2788 682 2836; x_wconf 84' lang='lat' dir='ltr'>F.</span> <span class='ocrx_word' id='word_1_113' title='bbox 727 2788 760 2851; x_wconf 81' lang='lat'>(3)</span> <span class='ocrx_word' id='word_1_114' title='bbox 778 2789 844 2836; x_wconf 87' lang='lat' dir='ltr'>enim</span> <span class='ocrx_word' id='word_1_115' title='bbox 861 2796 887 2837; x_wconf 86' lang='lat' dir='ltr'>et</span> <span class='ocrx_word' id='word_1_116' title='bbox 903 2788 980 2837; x_wconf 85' lang='lat' dir='ltr'>divini</span> <span class='ocrx_word' id='word_1_117' title='bbox 997 2788 1058 2850; x_wconf 80' lang='lat' dir='ltr'>(diui</span> <span class='ocrx_word' id='word_1_118' title='bbox 1075 2788 1116 2852; x_wconf 85' lang='grc' dir='ltr'>Μ)</span> <span class='ocrx_word' id='word_1_119' title='bbox 1138 2798 1165 2839; x_wconf 88' lang='lat' dir='ltr'>et</span> 
     </span>
     <span class='ocr_line' id='line_1_19' title="bbox 314 2867 1165 2929; baseline -0.001 -10"><span class='ocrx_word' id='word_1_120' title='bbox 314 2872 380 2920; x_wconf 85' lang='lat' dir='ltr'>hum.</span> <span class='ocrx_word' id='word_1_121' title='bbox 407 2871 468 2929; x_wconf 85' lang='lat' dir='ltr'>CM,</span> <span class='ocrx_word' id='word_1_122' title='bbox 495 2870 560 2919; x_wconf 89' lang='lat' dir='ltr'>enim</span> <span class='ocrx_word' id='word_1_123' title='bbox 585 2868 662 2917; x_wconf 90' lang='lat' dir='ltr'>divini</span> <span class='ocrx_word' id='word_1_124' title='bbox 682 2877 708 2917; x_wconf 82' lang='lat' dir='ltr'>at</span> <span class='ocrx_word' id='word_1_125' title='bbox 733 2869 799 2916; x_wconf 88' lang='lat' dir='ltr'>hum.</span> <span class='ocrx_word' id='word_1_126' title='bbox 819 2867 852 2917; x_wconf 86' lang='lat' dir='ltr'>G.</span> <span class='ocrx_word' id='word_1_127' title='bbox 888 2870 1022 2917; x_wconf 85' lang='lat' dir='ltr'>humanum</span> <span class='ocrx_word' id='word_1_128' title='bbox 1039 2868 1066 2918; x_wconf 72' lang='lat'>12.</span> <span class='ocrx_word' id='word_1_129' title='bbox 1102 2870 1165 2918; x_wconf 87' lang='lat' dir='ltr'>viris</span> 
     </span>
     <span class='ocr_line' id='line_1_20' title="bbox 313 2948 1163 3012; baseline 0 -13"><span class='ocrx_word' id='word_1_130' title='bbox 313 2952 442 3000; x_wconf 79' lang='lat' dir='ltr'>scientiam</span> <span class='ocrx_word' id='word_1_131' title='bbox 460 2950 487 2999; x_wconf 82' lang='lat' dir='ltr'>F.</span> <span class='ocrx_word' id='word_1_132' title='bbox 529 2950 562 3012; x_wconf 74' lang='lat'>(⁴)</span> <span class='ocrx_word' id='word_1_133' title='bbox 585 2962 616 2998; x_wconf 81' lang='lat' dir='ltr'>ex</span> <span class='ocrx_word' id='word_1_134' title='bbox 639 2957 666 2998; x_wconf 89' lang='lat' dir='ltr'>te</span> <span class='ocrx_word' id='word_1_135' title='bbox 681 2961 727 2997; x_wconf 87' lang='lat' dir='ltr'>om.</span> <span class='ocrx_word' id='word_1_136' title='bbox 747 2948 774 2996; x_wconf 77' lang='lat' dir='ltr'>F.</span> <span class='ocrx_word' id='word_1_137' title='bbox 810 2948 843 3012; x_wconf 77' lang='grc' dir='ltr'>(ς)</span> <span class='ocrx_word' id='word_1_138' title='bbox 861 2957 941 2996; x_wconf 89' lang='lat' dir='ltr'>natam</span> <span class='ocrx_word' id='word_1_139' title='bbox 958 2963 1003 2998; x_wconf 87' lang='lat' dir='ltr'>om.</span> <span class='ocrx_word' id='word_1_140' title='bbox 1021 2952 1050 2998; x_wconf 80' lang='grc' dir='ltr'>Α.</span> <span class='ocrx_word' id='word_1_141' title='bbox 1084 2963 1163 3012; x_wconf 80' lang='lat' dir='ltr'>praas.</span> 
     </span>
     <span class='ocr_line' id='line_1_21' title="bbox 313 3028 1165 3093; baseline -0.001 -13"><span class='ocrx_word' id='word_1_142' title='bbox 313 3045 359 3081; x_wconf 85' lang='lat' dir='ltr'>om.</span> <span class='ocrx_word' id='word_1_143' title='bbox 379 3032 406 3079; x_wconf 84' lang='lat' dir='ltr'>F.</span> <span class='ocrx_word' id='word_1_144' title='bbox 439 3031 593 3079; x_wconf 85' lang='lat' dir='ltr'>arbitremur</span> <span class='ocrx_word' id='word_1_145' title='bbox 608 3032 636 3078; x_wconf 77' lang='lat' dir='ltr'>A.</span> <span class='ocrx_word' id='word_1_146' title='bbox 670 3029 704 3093; x_wconf 88' lang='grc'>(6)</span> <span class='ocrx_word' id='word_1_147' title='bbox 716 3028 871 3091; x_wconf 79' lang='lat' dir='ltr'>queritesF.</span> <span class='ocrx_word' id='word_1_148' title='bbox 906 3029 1046 3092; x_wconf 76' lang='lat' dir='ltr'>egereAF,</span> <span class='ocrx_word' id='word_1_149' title='bbox 1065 3032 1165 3093; x_wconf 74' lang='lat' dir='ltr'>egregii</span> 
     </span>
     <span class='ocr_line' id='line_1_22' title="bbox 314 3108 1163 3175; baseline -0.002 -13"><span class='ocrx_word' id='word_1_150' title='bbox 314 3112 344 3170; x_wconf 86' lang='lat' dir='ltr'>C,</span> <span class='ocrx_word' id='word_1_151' title='bbox 371 3113 475 3175; x_wconf 78' lang='lat' dir='ltr'>egregie</span> <span class='ocrx_word' id='word_1_152' title='bbox 501 3111 564 3161; x_wconf 81' lang='lat' dir='ltr'>GM·</span> <span class='ocrx_word' id='word_1_153' title='bbox 606 3110 640 3174; x_wconf 87' lang='grc'>(7)</span> <span class='ocrx_word' id='word_1_154' title='bbox 666 3111 775 3158; x_wconf 87' lang='lat' dir='ltr'>Numma</span> <span class='ocrx_word' id='word_1_155' title='bbox 799 3108 875 3167; x_wconf 69' lang='grc' dir='ltr'>(ΖΠ,</span> <span class='ocrx_word' id='word_1_156' title='bbox 900 3109 999 3157; x_wconf 87' lang='lat' dir='ltr'>minima</span> <span class='ocrx_word' id='word_1_157' title='bbox 1015 3113 1044 3168; x_wconf 84' lang='grc' dir='ltr'>Α,</span> <span class='ocrx_word' id='word_1_158' title='bbox 1062 3123 1108 3158; x_wconf 85' lang='lat' dir='ltr'>om.</span> <span class='ocrx_word' id='word_1_159' title='bbox 1128 3111 1163 3160; x_wconf 87' lang='lat' dir='ltr'>G.</span> 
     </span>
     <span class='ocr_line' id='line_1_23' title="bbox 314 3187 1162 3253; baseline -0.002 -13"><span class='ocrx_word' id='word_1_160' title='bbox 314 3193 438 3253; x_wconf 77' lang='lat' dir='ltr'>pompilio</span> <span class='ocrx_word' id='word_1_161' title='bbox 464 3191 489 3238; x_wconf 84' lang='lat' dir='ltr'>F.</span> <span class='ocrx_word' id='word_1_162' title='bbox 531 3190 564 3253; x_wconf 86' lang='grc'>(8)</span> <span class='ocrx_word' id='word_1_163' title='bbox 590 3190 672 3238; x_wconf 86' lang='lat' dir='ltr'>inveni</span> <span class='ocrx_word' id='word_1_164' title='bbox 697 3201 766 3250; x_wconf 85' lang='lat' dir='ltr'>eque</span> <span class='ocrx_word' id='word_1_165' title='bbox 792 3189 815 3236; x_wconf 94' lang='lat' dir='ltr'>in</span> <span class='ocrx_word' id='word_1_166' title='bbox 839 3188 868 3238; x_wconf 91' lang='lat' dir='ltr'>C.</span> <span class='ocrx_word' id='word_1_167' title='bbox 903 3187 937 3250; x_wconf 75' lang='grc'>(9)</span> <span class='ocrx_word' id='word_1_168' title='bbox 953 3189 1013 3250; x_wconf 79' lang='grc' dir='ltr'>νίν.)</span> <span class='ocrx_word' id='word_1_169' title='bbox 1031 3188 1116 3238; x_wconf 88' lang='lat' dir='ltr'>mundi</span> <span class='ocrx_word' id='word_1_170' title='bbox 1134 3190 1162 3238; x_wconf 86' lang='lat' dir='ltr'>F.</span> 
     </span>
     <span class='ocr_line' id='line_1_24' title="bbox 314 3269 1162 3332; baseline -0.002 -12"><span class='ocrx_word' id='word_1_171' title='bbox 314 3271 500 3321; x_wconf 88' lang='lat' dir='ltr'>consuetudine</span> <span class='ocrx_word' id='word_1_172' title='bbox 518 3271 548 3329; x_wconf 91' lang='lat' dir='ltr'>C,</span> <span class='ocrx_word' id='word_1_173' title='bbox 574 3270 786 3319; x_wconf 86' lang='lat' dir='ltr'>consuetudinem</span> <span class='ocrx_word' id='word_1_174' title='bbox 804 3269 831 3318; x_wconf 77' lang='lat' dir='ltr'>F.</span> <span class='ocrx_word' id='word_1_175' title='bbox 872 3269 904 3330; x_wconf 84' lang='lat'>(9.</span> <span class='ocrx_word' id='word_1_176' title='bbox 926 3271 963 3332; x_wconf 91' lang='grc' dir='ltr'>ιο)</span> <span class='ocrx_word' id='word_1_177' title='bbox 980 3279 1117 3318; x_wconf 78' lang='lat' dir='ltr'>consueret</span> <span class='ocrx_word' id='word_1_178' title='bbox 1135 3270 1162 3318; x_wconf 84' lang='lat' dir='ltr'>F.</span> 
     </span>
     <span class='ocr_line' id='line_1_25' title="bbox 314 3349 1162 3415; baseline -0.002 -16"><span class='ocrx_word' id='word_1_179' title='bbox 314 3351 364 3415; x_wconf 85' lang='grc' dir='ltr'>(ιο)</span> <span class='ocrx_word' id='word_1_180' title='bbox 389 3354 499 3400; x_wconf 84' lang='lat' dir='ltr'>exceiisa</span> <span class='ocrx_word' id='word_1_181' title='bbox 533 3353 560 3399; x_wconf 87' lang='lat' dir='ltr'>V.</span> <span class='ocrx_word' id='word_1_182' title='bbox 617 3349 665 3413; x_wconf 81' lang='grc' dir='ltr'>(ιι)</span> <span class='ocrx_word' id='word_1_183' title='bbox 695 3350 765 3411; x_wconf 86' lang='grc' dir='ltr'>Ιυιιι.)</span> <span class='ocrx_word' id='word_1_184' title='bbox 793 3350 882 3398; x_wconf 87' lang='lat' dir='ltr'>iitteris</span> <span class='ocrx_word' id='word_1_185' title='bbox 910 3351 941 3397; x_wconf 88' lang='lat' dir='ltr'>G.</span> <span class='ocrx_word' id='word_1_186' title='bbox 1011 3350 1106 3398; x_wconf 78' lang='lat' dir='ltr'>offerre</span> <span class='ocrx_word' id='word_1_187' title='bbox 1135 3350 1162 3398; x_wconf 87' lang='lat' dir='ltr'>F.</span> 
     </span>
     <span class='ocr_line' id='line_1_26' title="bbox 314 3427 1164 3493; baseline 0 -15"><span class='ocrx_word' id='word_1_188' title='bbox 314 3430 336 3493; x_wconf 92' lang='grc' dir='ltr'>(ι</span> <span class='ocrx_word' id='word_1_189' title='bbox 343 3432 364 3493; x_wconf 81' lang='lat'>3)</span> <span class='ocrx_word' id='word_1_190' title='bbox 383 3439 440 3479; x_wconf 86' lang='lat' dir='ltr'>sunt</span> <span class='ocrx_word' id='word_1_191' title='bbox 464 3431 496 3480; x_wconf 88' lang='lat' dir='ltr'>G.</span> <span class='ocrx_word' id='word_1_192' title='bbox 538 3430 605 3479; x_wconf 90' lang='lat' dir='ltr'>unde</span> <span class='ocrx_word' id='word_1_193' title='bbox 622 3443 651 3479; x_wconf 88' lang='lat' dir='ltr'>se</span> <span class='ocrx_word' id='word_1_194' title='bbox 668 3430 821 3479; x_wconf 86' lang='lat' dir='ltr'>extruserint</span> <span class='ocrx_word' id='word_1_195' title='bbox 838 3429 866 3477; x_wconf 81' lang='lat' dir='ltr'>F.</span> <span class='ocrx_word' id='word_1_196' title='bbox 911 3427 960 3490; x_wconf 74' lang='lat'><strong>(1⁴)</strong></span> <span class='ocrx_word' id='word_1_197' title='bbox 977 3428 1025 3477; x_wconf 86' lang='lat' dir='ltr'>sed</span> <span class='ocrx_word' id='word_1_198' title='bbox 1042 3444 1073 3478; x_wconf 83' lang='lat' dir='ltr'>ex</span> <span class='ocrx_word' id='word_1_199' title='bbox 1090 3429 1118 3477; x_wconf 88' lang='lat' dir='ltr'>F.</span> <span class='ocrx_word' id='word_1_200' title='bbox 1137 3439 1164 3478; x_wconf 89' lang='lat' dir='ltr'>et</span> 
     </span>
     <span class='ocr_line' id='line_1_27' title="bbox 316 3508 1162 3572; baseline -0.004 -12"><span class='ocrx_word' id='word_1_201' title='bbox 316 3510 401 3560; x_wconf 72' lang='lat' dir='ltr'>FGM.</span> <span class='ocrx_word' id='word_1_202' title='bbox 436 3511 561 3558; x_wconf 81' lang='lat' dir='ltr'>exstimari</span> <span class='ocrx_word' id='word_1_203' title='bbox 578 3509 634 3570; x_wconf 78' lang='lat' dir='ltr'>CG,</span> <span class='ocrx_word' id='word_1_204' title='bbox 655 3510 790 3559; x_wconf 81' lang='lat' dir='ltr'>existimari</span> <span class='ocrx_word' id='word_1_205' title='bbox 808 3508 836 3569; x_wconf 84' lang='lat' dir='ltr'>F,</span> <span class='ocrx_word' id='word_1_206' title='bbox 855 3508 967 3556; x_wconf 79' lang='lat' dir='ltr'>extimari</span> <span class='ocrx_word' id='word_1_207' title='bbox 986 3509 1023 3557; x_wconf 85' lang='grc' dir='ltr'>Μ.</span> <span class='ocrx_word' id='word_1_208' title='bbox 1059 3509 1108 3572; x_wconf 72' lang='grc' dir='ltr'>(ις)</span> <span class='ocrx_word' id='word_1_209' title='bbox 1127 3510 1162 3557; x_wconf 88' lang='lat' dir='ltr'>Ut</span> 
     </span>
     <span class='ocr_line' id='line_1_28' title="bbox 316 3589 591 3650; baseline -0.011 -11"><span class='ocrx_word' id='word_1_210' title='bbox 316 3591 346 3650; x_wconf 88' lang='lat' dir='ltr'>C,</span> <span class='ocrx_word' id='word_1_211' title='bbox 364 3589 445 3638; x_wconf 81' lang='lat' dir='ltr'><strong>AcF.</strong></span> <span class='ocrx_word' id='word_1_212' title='bbox 480 3603 541 3637; x_wconf 84' lang='lat' dir='ltr'>uere</span> <span class='ocrx_word' id='word_1_213' title='bbox 559 3591 591 3637; x_wconf 92' lang='lat' dir='ltr'>G.</span> 
     </span>
    </p>
   </div>
   <div class='ocr_carea' id='block_1_4' title="bbox 0 0 1430 4694">
    <p class='ocr_par' dir='ltr' id='par_1_4' title="bbox 0 0 1430 4694">
     <span class='ocr_line' id='line_1_29' title="bbox 0 0 1430 4694; baseline 0 0"><span class='ocrx_word' id='word_1_214' title='bbox 0 0 1430 4694; x_wconf 95' lang='lat' dir='ltr'> </span> 
     </span>
    </p>
   </div>
  </div>
 </body>
</html>
