2850 4694
866 900 950 972 vul.

744 1209 874 1271 (Verona,
895 1209 1075 1271 ¹⁴3⁶?1437?)

485 1486 574 1557 [sota
583 1484 753 1581 Nogarola
764 1485 965 1559 ornatissimo
978 1485 1044 1559 viro
1056 1485 1187 1559 domino
1195 1487 1336 1560 Antonio

737 1604 919 1674 Bouromeo
934 1601 1079 1675 salutem.

524 1907 553 1920 ¹
568 1907 596 2004 ᾗ
665 1935 868 1984 munium
896 1937 1139 2010 saepenumero
1160 1914 1205 1987 ad
1227 1931 1262 1987 te
1283 1915 1338 1988 lit-

500 2020 506 2047 *
521 2076 581 2156 ,⁷
625 2039 656 2101 ,Ρ
690 2042 780 2099 teras
810 2052 903 2101 meas
938 2027 1081 2102 incultas
1111 2046 1147 2102 et
1181 2029 1337 2104 abiectas

487 2281 571 2346 rem,
590 2281 691 2355 quam
711 2256 804 2329 multi
822 2275 938 2331 essent
954 2258 1078 2331 viri-
1097 2259 1125 2333 si
1143 2260 1201 2332 viri
1194 2260 1338 2359 appel-

487 2371 578 2446 landi
596 2390 674 2445 sunt
691 2413 736 2424 -
760 2373 817 2470 qui
840 2373 968 2447 litteras
985 2373 1018 2446 in
1037 2374 1170 2449 seminis
1187 2376 1277 2450 virus
1295 2402 1337 2450 ac

445 2530 475 2566 ιο
487 2505 620 2586 pestem
646 2487 820 2584 publicam
847 2491 1032 2589 appellant,
1058 2492 1127 2563 hoc
1154 2517 1209 2564 me
1226 2494 1271 2565 ab
1288 2494 1339 2565 in·

487 2621 594 2701 cepto
621 2603 828 2677 deterrebat.
859 2607 998 2695 Verum,
1027 2623 1063 2679 ut
1088 2607 1168 2680 mihi
1193 2608 1338 2699 videtur,

488 2718 521 2790 hi
539 2735 617 2792 sunt
629 2717 789 2816 quaedam
804 2720 909 2817 pestis
924 2720 1098 2795 hominum
1112 2723 1224 2797 aliena
1236 2724 1339 2798 laude

488 2832 687 2923 dolentium,
714 2834 772 2931 qui
799 2834 879 2907 nihil
897 2835 959 2909 nisi
984 2835 1019 2910 id
1038 2836 1133 2934 quod
1151 2838 1281 2912 faciunt
1296 2864 1340 2913 ac

487 2948 637 3022 sentiunt
669 2966 801 3022 rectum
836 2968 973 3048 putant;
1009 2954 1078 3026 hoc
1113 2978 1261 3052 namque
1294 2958 1340 3028 ab

447 3109 473 3161 ¹5
487 3064 589 3138 animi
607 3064 773 3163 pravitate
786 3084 822 3140 et
835 3067 1025 3165 ignorantia
1038 3070 1207 3166 procedit.
1227 3072 1339 3145 Certo

488 3181 578 3252 enim
604 3181 679 3254 scio
704 3206 766 3255 eos
792 3207 860 3255 non
888 3183 1023 3281 legisse,
1049 3186 1183 3282 quantis
1213 3188 1340 3261 meritis

489 3295 739 3369 laudationibus
748 3297 931 3372 efferantur
944 3299 1088 3374 illustres
1100 3301 1340 3399 primariaeque

535 3482 608 3530 Extat
629 3482 652 3529 in
671 3483 746 3531 unico
760 3483 853 3533 codice
870 3484 1062 3534 Vindobonensi
1078 3499 1114 3533 nr.
1136 3498 1203 3545 3494,
1222 3487 1264 3536 sol.
1285 3500 1339 3537 aza.

490 3558 540 3623 (ις)
558 3560 632 3608 nichil
646 3561 676 3609 C.
711 3561 760 3625 (15)
778 3564 903 3624 paruitate
920 3564 950 3613 C.
