2850 4694
818 589 902 633 exul

489 747 513 785 7⁵
535 742 604 790 Mete
623 738 768 791 Fridericus
784 742 879 791 Stelsni
896 744 919 790 in
937 742 1096 806 Genealogio
1110 744 1208 792 ismiliae
1221 746 1288 793 Con-

435 819 567 870 duimerioe
585 820 655 883 opud
673 821 823 883 Pompeium
842 821 948 871 Litium:
974 822 1052 872 emori
1069 823 1176 885 giovme
1193 837 1288 874 socors

434 902 458 949 in
476 902 560 951 Rome
574 901 597 950 ι’
619 912 629 963 ς
647 899 780 951 dicembre
796 900 840 950 del
858 910 942 962 ι4ς4ι

488 974 513 1025 7⁶
529 981 645 1043 Pompo,
660 994 711 1042 qun
726 981 882 1031 Hermolaus
898 982 1025 1031 Bsrberrm
1046 984 1174 1032 Veronam
1192 984 1288 1047 ingres·

434 1075 478 1111 sus
497 1068 623 1122 exceptus
651 1069 699 1120 est,
726 1059 867 1124 descriptio
890 1062 983 1126 iegitur
1008 1060 1078 1124 upud
1105 1061 1288 1126 Hieronymum

434 1139 503 1190 delle
532 1140 623 1201 Corte,
649 1141 811 1191 Dell'istorie
834 1140 902 1192 delle
918 1140 979 1192 cittb
993 1141 1019 1191 di
1038 1143 1142 1193 Verone
1166 1144 1289 1206 (Venetis

437 1233 504 1281 ι744,
526 1220 569 1269 ttl.
588 1234 613 1282 p.
632 1233 664 1280 9⁴
678 1221 757 1285 sqq),
780 1221 824 1283 qui
841 1221 916 1271 etiem
933 1223 1070 1272 Antonium
1087 1231 1114 1272 et
1131 1222 1288 1274 Ludovieum

436 1302 511 1351 lsote
527 1300 619 1350 iratres
634 1313 738 1363 pompe
755 1300 899 1351 interfuisse
916 1310 1007 1351 nerrst.

488 1385 513 1425 n
536 1380 611 1431 iisne
618 1380 751 1430 Hermoisi
758 1380 901 1444 spoloqienr
917 1381 1061 1445 Agostinie
1077 1380 1288 1445 codicequodem

433 1460 595 1511 Seibuntieno
611 1468 726 1520 noverat,
744 1461 788 1523 qui
798 1461 899 1510 ubinem
910 1461 1022 1524 gentium
1039 1474 1106 1511 nunc
1116 1463 1209 1513 isteret
1220 1463 1290 1526 piget

434 1553 475 1590 nte
502 1552 552 1589 non
580 1540 696 1602 potuisse
723 1539 878 1602 comperire.
907 1539 1028 1599 Verona,
1055 1541 1166 1600 Parisiis,
1193 1541 1288 1591 Oxonii

434 1633 497 1670 sene
512 1618 606 1670 irustrs
617 1633 634 1669 e
644 1619 851 1681 nobisqueesitus
859 1628 900 1669 est
917 1633 1003 1683 neque
1020 1620 1086 1670 inter
1102 1620 1209 1670 codices
1225 1622 1288 1670 Ash-

434 1701 636 1751 burnbemenses
659 1707 779 1764 repertus
807 1712 867 1749 esse
895 1698 1005 1749 uidetur.
1044 1700 1070 1748 ln
1098 1701 1210 1763 Angiiutn
1238 1715 1288 1750 non

433 1780 545 1830 deletum
562 1793 622 1831 esse
637 1781 668 1830 Α.
688 1780 839 1840 Neubsuer,
859 1781 1028 1830 Bibliotberue
1040 1778 1188 1829 Bodleiunee
1200 1787 1287 1829 custos

434 1860 596 1911 doctissimus
612 1874 645 1910 ex
660 1860 722 1924 ipsis
737 1860 892 1920 auctionum,
905 1861 1000 1922 quibus
1011 1860 1167 1909 bibliothece
1185 1860 1287 1908 Seiben·

435 1941 502 1991 tiens
516 1939 656 1991 identidem
671 1941 789 1992 subiecto
804 1949 853 2000 est,
871 1940 993 2004 <eulogie
1009 1953 1056 1990 nos
1072 1940 1199 1989 certiores
1216 1929 1284 1988 iecit.

488 2015 513 2066 7⁸
528 2022 614 2085 Scipio
637 2020 724 2071 Mudei
749 2021 772 2070 in
797 2021 901 2070 Verons
923 2021 1047 2069 iilustrare
1071 2020 1113 2082 (li,
1138 2032 1175 2067 ιιι.
1202 2034 1228 2082 p.
1246 2020 1286 2081 83)

435 2105 540 2153 Peulum
553 2101 639 2151 Mutiei
651 2101 751 2152 cirues.
766 2101 827 2160 1780
841 2108 926 2150 netum
942 2113 1002 2150 esse
1013 2108 1040 2149 et
1057 2098 1116 2149 inde
1132 2100 1165 2149 sb
1181 2114 1205 2149 s.
1225 2112 1283 2161 ¹425

434 2197 483 2233 suo
506 2182 684 2246 religiosorum
707 2179 789 2232 ordini
813 2180 948 2244 proluisse
971 2178 1055 2241 trudit,
1079 2179 1127 2230 sed
1151 2194 1205 2242 quo
1220 2195 1287 2230 enno

435 2271 551 2313 monuus
561 2263 593 2312 sit
604 2263 728 2312 incertum
740 2261 865 2324 relinquit.
879 2260 1001 2324 Epistols,
1015 2260 1039 2309 in
1050 2273 1101 2322 que
1114 2261 1189 2311 lsotae
1200 2261 1288 2311 scribit

435 2358 465 2394 se
492 2343 597 2394 simulne
633 2342 753 2392 idoneum
783 2341 910 2392 librarium
938 2349 1027 2391 metus
1056 2341 1088 2390 sit
1124 2356 1192 2405 opus
1228 2341 1289 2391 illud

436 2425 513 2474 isola
523 2422 677 2483 dedicatum,
688 2421 759 2485 quod
769 2422 877 2486 periisse
888 2420 1015 2481 dolemus,
1026 2422 1050 2471 ei
1067 2422 1200 2471 missurum
1217 2436 1285 2481 esse.

435 2512 507 2555 certe
523 2513 582 2554 ente
597 2519 621 2554 s.
642 2514 699 2567 ¹⁴5²
717 2503 811 2567 scripte
828 2510 877 2563 est,
895 2516 951 2552 nem
968 2502 1065 2552 unusin
1076 2516 1108 2552 eu
1120 2503 1197 2552 lsotte
1209 2502 1287 2553 irater

435 2585 550 2647 equestri
566 2583 688 2648 dignitate
707 2582 809 2647 insignis
825 2590 987 2641 memoretur.
1006 2595 1064 2632 cum
1087 2596 1121 2631 eo
1143 2596 1211 2632 enno
1228 2584 1283 2632 neec

434 2664 542 2729 dignitas
550 2661 802 2726 Leonurdoquoque
818 2671 845 2713 et
862 2660 995 2713 budovico
1004 2661 1233 2726 Nogurolisdelsto
1245 2663 1285 2711 sit.

435 2743 515 2807 Quod
526 2753 611 2793 sutem
620 2743 643 2794 in
665 2743 806 2807 «Biogrultu
817 2742 982 2793 Universsies
1004 2741 1134 2803 (Veneris
1150 2742 1285 2806 Misssgliu

437 2825 504 2875 1828.
523 2825 581 2873 Vol.
599 2824 669 2873 ΧΗ.
687 2837 713 2886 ρ.
733 2824 771 2888 77)
790 2824 886 2872 ιΡιοΙο
903 2823 990 2872 Mudei
1006 2836 1055 2872 suo
1071 2821 1198 2871 direttore
1214 2823 1239 2871 le
1257 2823 1288 2869 ite

434 2903 556 2954 dedicato
576 2917 608 2953 un
632 2911 736 2954 trutteto
758 2901 827 2953 delle
848 2901 977 2967 uirginitb·
1003 2901 1103 2967 legitur,
1121 2901 1209 2952 iuisum
1227 2915 1286 2951 esse

434 2982 544 3035 uidetur.

488 3069 514 3110 19
528 3062 627 3113 Confer
644 3063 801 3127 seeulogue
817 3062 866 3113 des
882 3063 958 3114 liures
974 3061 1008 3113 de
1024 3064 1048 3112 le
1060 3060 1241 3124 bibliotheque
1252 3059 1286 3109 de

436 3145 473 3193 Μ.
488 3144 699 3193 Ρίοιιο·Αιιιοίιιο
718 3144 865 3207 Bolongero
878 3143 1037 3193 crevenno·
1053 3142 1120 3203 ¹7⁰9·
1133 3142 1175 3190 lli.
1187 3155 1212 3203 p.
1225 3153 1267 3188 122
1281 3154 1287 3187 :

437 3237 488 3273 «nr.
519 3232 587 3285 5374.
605 3223 738 3286 opusculo
759 3224 836 3273 veris.
862 3222 886 3272 in
911 3238 934 3284 4
959 3230 1021 3272 oert.
1039 3248 1070 3260 -
1087 3221 1227 3272 Menuscrit
1242 3234 1288 3270 sur

434 3303 526 3367 pepier
541 3301 576 3351 du
593 3303 651 3352 XV.
668 3301 758 3363 siecle,
775 3310 912 3354 contenent
924 3315 971 3352 too
981 3301 1092 3352 leuiilets
1108 3300 1185 3351 ecrits
1201 3299 1217 3349 i
1233 3302 1286 3350 lon·

433 3396 499 3446 goes
514 3382 594 3447 lignes
610 3395 658 3445 per
672 3381 823 3432 differentes
839 3381 924 3441 meins,
943 3381 1024 3444 purtie
1041 3394 1073 3431 en
1091 3382 1180 3430 lettres
1192 3378 1287 3429 rondes

434 3470 461 3512 et
477 3462 559 3525 pente
575 3475 608 3511 en
625 3463 715 3512 lettres
730 3461 765 3512 de
781 3461 872 3513 forme.
900 3461 940 3511 Ce
957 3462 1007 3510 bis
1025 3461 1139 3511 oontient
1155 3462 1194 3509 les
1209 3474 1287 3523 opus-

434 3543 507 3593 cules
533 3542 664 3591 solvents:
681 3577 688 3590 .
708 3577 714 3590 .
733 3577 740 3590 .
760 3556 781 3590 2.
809 3544 885 3593 lsote
909 3541 1048 3607 Nogsrule
1072 3541 1239 3593 Ontiuncuie
1254 3539 1287 3591 ed
