2850 4694
660 571 745 615 Lxxll

327 727 362 797 ln
397 727 582 823 complexu
618 724 756 799 fratrum
791 725 944 823 spiritum
984 724 1134 800 reddidit

278 842 483 938 sepultaque
521 857 574 913 est
612 840 704 914 iuxta
734 857 876 914 matrem
913 841 946 913 in
981 841 1133 915 ecclesia

276 956 414 1030 Sanctae
440 954 636 1030 caecliae⁰⁴
666 955 848 1054 deplorata
880 956 927 1030 ab
961 955 1132 1046 omnibus,

276 1071 334 1168 qui
361 1070 435 1145 eius
461 1071 737 1145 benevolentiam
759 1071 1005 1170 suspiciebant,
1024 1071 1132 1168 pieta·

276 1202 345 1260 tem
371 1202 407 1261 et
433 1184 626 1260 doctrinam
652 1185 914 1261 admirabantur.
945 1189 1074 1284 Neque
1097 1187 1131 1261 id

275 1301 455 1391 immerito,
490 1327 698 1400 quamquam
734 1302 830 1400 quod
864 1303 941 1377 eius
978 1305 1131 1400 aequales

274 1417 307 1490 in
333 1416 452 1490 litteris
476 1417 521 1492 ad
555 1442 631 1491 eam
666 1419 946 1515 Zeneveramque
976 1442 1130 1492 sororem

273 1532 361 1608 datis
394 1533 439 1608 ad
472 1559 589 1608 earum
628 1533 763 1608 laudem
798 1533 919 1608 afferre
960 1534 1130 1624 solebant,

273 1651 397 1724 nullam
416 1650 575 1725 seminam
593 1675 637 1724 ea
652 1667 756 1724 aetate
775 1648 875 1724 bonis
900 1649 1019 1724 litteris
1044 1673 1130 1748 ope·

272 1789 343 1840 ram
377 1766 564 1855 navavisse‚
598 1765 837 1840 assentationis
866 1790 971 1840 causa
999 1765 1129 1841 dictum

271 1905 350 1954 esse
367 1899 521 1979 apparet,
548 1906 627 1954 cum
653 1881 745 1980 apud
774 1881 970 1980 Philippum
999 1883 1130 1979 Bergo

273 2020 426 2069 mensem
452 1998 688 2070 nonnullarum
714 1997 788 2072 eius
813 1996 925 2072 aemis
946 1997 1126 2072 doctarum

274 2110 473 2185 seminarum
501 2127 597 2185 extet
627 2112 792 2186 memoria
822 2128 858 2187 et
883 2113 916 2185 in
943 2112 1017 2211 ipsa
1043 2113 1127 2186 urbe

273 2229 414 2301 Verona
439 2229 541 2302 lsotae
567 2244 671 2303 aetate
695 2228 861 2303 Medeam
887 2227 1069 2303 Aleardam
1091 2245 1128 2302 et

274 2343 485 2442 Polyxenam
521 2343 735 2418 Grimaldam
770 2343 911 2443 poetica
937 2344 1039 2418 laude
1064 2343 1127 2418 llo·

272 2457 379 2533 ruisse
408 2474 555 2533 constet.
584 2462 628 2532 At
657 2461 780 2533 nullam
811 2459 910 2534 aliam
945 2483 1128 2534 renascen-

270 2573 354 2649 tium
372 2574 556 2649 litterarum
570 2591 674 2650 aetate
688 2574 848 2650 feminam
863 2575 1029 2666 novimus,
1047 2600 1127 2673 quae

272 2689 411 2788 propria
436 2690 482 2764 ab
506 2690 580 2764 aliis
606 2691 819 2765 discernatur
844 2691 970 2790 ingenii
997 2690 1126 2781 indole,

272 2805 367 2904 quod
378 2805 558 2902 quomodo
569 2804 734 2904 temporis
747 2831 930 2904 progressu
948 2807 1128 2881 excolatur

273 2922 509 2996 immuteturve
534 2923 579 2996 ab
597 2921 736 2995 ineunte
753 2937 858 2995 aetate
877 2921 1048 3020 usquead
1066 2946 1127 2995 ex·

271 3053 413 3111 tremum
453 3037 525 3111 sere
568 3036 720 3135 spiritum
755 3061 899 3110 cernere
933 3061 1123 3136 possumus.

272 3154 435 3249 Namque
461 3169 590 3227 ceterae
616 3178 696 3250 quae
719 3152 751 3225 in
770 3152 888 3225 litteris
905 3153 1127 3226 versabantur

272 3267 408 3342 leminae
438 3268 682 3342 oblectationis
698 3270 753 3341 vel
770 3292 869 3344 vanae
886 3268 1126 3343 ostentationis

271 3407 376 3457 causa
401 3383 445 3458 ad
475 3384 602 3459 litteras
637 3385 845 3473 serebantur,
880 3409 967 3483 quas
1000 3383 1126 3482 nuptiis

271 3499 454 3574 celebratis
480 3499 591 3574 statim
618 3499 893 3598 repudiaverunt,
924 3526 1002 3576 cum
1034 3503 1125 3575 lsota
