2850 4694
725 573 761 633 72

313 729 491 827 Quantum
512 727 602 798 enim
623 725 770 799 utilitatis
789 743 823 798 et
842 725 991 811 honoris,
1011 726 1168 800 Guarine

313 857 421 938 pater,
447 867 491 914 ex
517 861 550 915 te
569 841 694 915 lumine
713 842 841 915 virtutis
858 859 894 914 et
911 843 1090 938 probitatis
1109 846 1167 917 ha·

313 957 423 1029 bitura
448 982 533 1045 sum,
552 982 630 1030 cum
658 982 712 1030 me
739 982 934 1054 nomenque
961 984 1072 1031 meum
1096 975 1167 1032 ate

314 1072 453 1146 laudato
496 1073 569 1146 viro
604 1073 740 1170 probari
776 1074 1006 1170 conspiciam!
1052 1077 1166 1148 Laetus

287 1220 296 1269 ς
313 1213 398 1278 sum,
419 1189 525 1287 inquit
547 1192 694 1277 Hector,
710 1215 763 1261 me
783 1188 922 1277 laudari,
937 1191 1061 1287 opinor
1074 1189 1166 1287 apud

315 1304 473 1378 Naevium
498 1322 532 1376 ut
559 1305 691 1378 Cicero
718 1304 879 1383 meminit.
898 1306 959 1377 abs
985 1322 1031 1389 te,
1058 1323 1168 1402 pater,

314 1419 454 1493 laudato
479 1419 562 1492 viro.
593 1422 640 1492 Ea
659 1438 711 1493 est
727 1420 817 1493 enim
838 1421 997 1516 prolecto
1017 1420 1167 1493 iocunda

315 1537 398 1624 laus,
425 1559 504 1631 quae
530 1536 575 1607 ab
602 1535 682 1631 ipsis
709 1535 936 1632 proficiscitur
962 1536 1018 1631 qui
1047 1535 1109 1632 ipsi
1134 1536 1166 1606 in

315 1648 415 1723 laude
425 1650 590 1722 vixerunt.
608 1653 682 1747 Ego
691 1668 804 1723 autem
825 1669 884 1723 tuo
903 1651 1099 1723 testimonio
1113 1652 1166 1725 vel

271 1795 300 1830 ιο
314 1766 497 1839 litterarum
510 1783 640 1839 tuarum
660 1765 724 1838 iam
740 1767 1024 1839 immortalitatem
1040 1765 1168 1863 adepta

313 1908 386 1956 sum
414 1881 605 1978 videorque
632 1880 747 1955 videre
775 1907 830 1955 me
861 1882 925 1954 iam
944 1880 1075 1954 debere
1093 1908 1168 1954 om-

314 1997 404 2070 nium
440 1995 601 2069 iudicium
636 2022 678 2070 ac
713 1997 757 2070 de
793 2022 847 2069 me
881 1996 1165 2070 existimationem

315 2112 451 2185 minime
478 2136 609 2184 curare.
637 2112 694 2184 Sic
722 2113 853 2184 Cicero
880 2136 957 2184 cum
984 2136 1005 2184 a
1027 2113 1166 2184 Catone

313 2253 376 2302 suo
406 2226 601 2300 laudaretur
636 2226 841 2324 reprehendi
868 2251 888 2299 a
914 2226 1038 2299 ceteris
1066 2227 1167 2299 facile

271 2372 296 2422 ¹5
315 2345 516 2442 patiebatur.
546 2344 603 2416 Sic
631 2341 763 2416 videtur
789 2345 951 2416 Socrates
970 2342 1168 2414 testimonio

317 2459 469 2533 Platonis
495 2460 636 2532 aliorum
664 2458 790 2531 iudicia
808 2475 1032 2530 contemnere
1051 2482 1165 2554 posse.

362 2735 395 2796 (ι)
423 2734 506 2795 pater}
532 2733 744 2781 excellentissime
768 2734 796 2779 L.
834 2732 917 2780 limine
942 2732 968 2778 Ρ.
1011 2729 1045 2792 (ς)
1071 2731 1116 2778 sim
1139 2731 1165 2778 P.

315 2826 372 2862 cum
390 2824 416 2861 te
432 2826 577 2873 nomenque
595 2813 841 2861 tuumVnntecurr.
867 2811 1023 2871 cumlquem
1041 2809 1069 2863 F,
1104 2824 1169 2871 quo-

315 2893 394 2942 modo
402 2894 432 2941 R.
447 2892 480 2953 (4)
491 2894 505 2940 l.
517 2893 618 2941 nomine
626 2893 652 2939 L.
673 2892 777 2952 probari
785 2905 831 2939 om.
843 2894 869 2939 L.
880 2891 1029 2952 conspitiam
1038 2891 1065 2938 F.
1076 2904 1167 2952 consp.

315 2973 390 3033 prob.
417 2973 446 3029 C,
481 2986 519 3034 pr.
546 2972 651 3020 sentiam
676 2981 753 3031 atque
771 2985 860 3032 consp.
888 2972 920 3018 R.
956 2970 990 3030 it)
1008 2971 1120 3032 oppinor
1134 2972 1166 3018 R.

316 3053 349 3115 (o)
374 3054 485 3102 Ncnium
507 3052 537 3108 C,
564 3052 672 3099 Nerium
698 3051 750 3105 Fu,
787 3052 904 3099 Neveum
934 3053 960 3108 t,
986 3051 1114 3098 Henniunr
1135 3052 1166 3098 R.

315 3142 441 3194 paterent.
454 3134 485 3181 R.
520 3130 742 3194 (7lalaudatoC
779 3132 826 3178 Eas
839 3130 904 3178 enim
917 3144 956 3191 pr.
970 3139 1009 3178 est
1023 3131 1053 3178 R.
1089 3129 1168 3191 (ΒΜ)

316 3214 354 3261 his
370 3215 397 3273 L,
416 3214 449 3262 ab
466 3213 549 3261 eisR.
577 3211 714 3273 proticiscit
731 3211 763 3258 R.
798 3224 831 3269 (ο)
850 3209 951 3258 laudem
965 3212 992 3257 L.
1012 3211 1118 3257 vixerint
1134 3211 1166 3258 R.

314 3293 409 3353 autem}
428 3306 468 3341 me
490 3293 517 3350 L,
536 3302 621 3338 autem
639 3292 724 3338 velR.
752 3299 810 3337 test.
829 3300 874 3337 tuo
891 3291 922 3337 R.
967 3290 1016 3351 (ιο)
1043 3291 1168 3337 immorta-

316 3372 384 3421 litate
402 3372 431 3420 C.
474 3372 522 3433 (ιο.
546 3369 583 3431 rt)
601 3383 677 3418 omne
695 3370 725 3417 R.
761 3367 811 3431 (12)
834 3383 874 3417 me
899 3382 944 3416 om.
969 3370 996 3416 L.
1031 3369 1168 3416 estimatio-

317 3463 373 3498 nem
391 3451 418 3499 F.
454 3450 502 3511 (14)
519 3450 622 3498 abaliis
640 3449 669 3498 G
697 3449 812 3498 facillime
829 3450 856 3496 t.
892 3447 941 3510 (ις)
959 3449 1165 3510 pasciebaturP.

318 3530 367 3577 llic
383 3530 421 3577 vir
437 3530 508 3576 Socr.
528 3528 558 3576 C.
593 3532 615 3589 (r
626 3528 643 3587 r}
660 3536 845 3589 contempnere
862 3529 933 3575 LPV.
