2850 4694
686 593 736 655 161

282 782 434 855 matrem,
453 765 550 839 cuius
564 765 826 839 eruditissimum
844 792 1038 840 sermonem
1060 767 1135 864 epi-

278 884 379 955 stolae
396 880 546 978 posteris
556 899 691 956 testatae
700 898 789 971 sunt,
801 881 897 956 Laelii
907 881 1009 956 liliam
1019 899 1134 980 pater-

280 1020 357 1069 nam
374 995 579 1093 elegantiam
595 994 972 1094 redolentem,8aphon
991 997 1132 1088 liricam,

278 1137 358 1208 quae
376 1135 474 1184 versu
494 1110 638 1185 mirifice
660 1112 784 1201 floruit,
800 1154 844 1164 —
863 1111 963 1185 vobis
981 1113 1132 1210 inquam,

277 1251 357 1324 quae
374 1229 434 1300 has
452 1226 592 1301 imitatae
610 1227 692 1301 estis
709 1226 791 1324 quin
805 1227 907 1302 etiam
922 1244 1133 1325 superaturae
1165 1259 1174 1307 r

277 1344 349 1416 laus
367 1359 403 1416 et
420 1367 570 1417 summus
584 1345 697 1416 ltonor
710 1342 866 1417 debetur.
890 1342 956 1416 llis
969 1343 1132 1440 prolecto

276 1455 398 1531 diebus
436 1458 522 1532 duas
555 1457 720 1555 epistolas
754 1458 954 1556 eloquentia
988 1458 1131 1532 mirabili

274 1590 411 1657 ornatas
440 1591 545 1670 atque
576 1574 700 1671 politas
725 1574 770 1648 ad
797 1577 849 1648 Μ.
868 1576 1032 1648 lacobum
1061 1576 1130 1649 Fo-

273 1714 408 1764 scarum
438 1716 511 1787 prae
541 1690 697 1764 manibus
728 1690 843 1780 habui,
870 1706 964 1765 tanta
989 1690 1128 1764 dicendi

272 1805 449 1895 suavitate,
468 1807 650 1879 verborum
675 1806 853 1904 gravitate,
881 1808 1048 1895 ubertate,
1067 1831 1130 1882 co·
1146 1835 1175 1870 10

272 1920 339 2017 pia,
362 1920 533 2018 elegantia
555 1920 756 2018 crebrisque
778 1921 955 1995 sententiis
974 1921 1127 2013 refertas,

271 2051 308 2108 ut
325 2035 404 2107 mihi
424 2035 585 2108 facillime
603 2036 841 2133 persuaserim,
866 2052 958 2111 tanta
980 2035 1128 2110 admira·

271 2150 365 2224 tione
389 2152 433 2224 ad
455 2167 615 2248 posteros
639 2178 707 2225 non
729 2152 840 2226 aetatis
855 2169 982 2227 nostrae
1002 2155 1124 2244 solum,

270 2292 385 2340 verum
404 2268 506 2341 etiam
528 2268 693 2366 longioris
719 2286 953 2366 perventuras,
972 2295 1043 2366 quo
1062 2295 1125 2342 nos

270 2383 483 2458 beatissimos
511 2384 745 2475 iudicaverint,
768 2383 862 2482 quod
882 2385 933 2459 his
960 2386 1166 2483 tempori-15

270 2498 332 2571 bus
350 2498 542 2590 incidimus,
570 2515 606 2572 ut
631 2500 735 2597 copia
765 2501 865 2574 nobis
895 2488 1064 2575 concessa
1081 2502 1124 2576 sit

269 2630 434 2688 tantarum
474 2640 585 2688 rerum
614 2616 758 2713 gloriam
793 2616 928 2690 vidisse.
974 2618 1123 2710 Felices,

267 2754 347 2826 quae
366 2732 450 2803 tales
463 2747 578 2828 partes
587 2731 718 2806 sortitae
728 2732 827 2806 estisl
849 2736 971 2834 Quare
989 2736 1123 2807 laetetur

313 3005 345 3066 (r)
364 3006 477 3065 matrem}
501 3007 601 3055 memini
620 3008 652 3056 G.
696 3008 729 3071 (ς)
747 3010 821 3072 ellcg.
845 3011 872 3056 v.
909 3012 1066 3058 recolentem
1085 3011 1118 3059 G.

265 3085 392 3146 Samphon
419 3085 448 3134 C.
492 3087 592 3149 lyricam
623 3088 660 3136 M·
711 3088 744 3152 (4)
774 3103 883 3151 unquam
905 3091 934 3138 C.
978 3088 1012 3153 (ς)
1034 3091 1121 3139 immu-

265 3171 319 3211 tare
341 3165 369 3228 (ἒ)
396 3167 428 3224 G,
456 3167 585 3215 immutate
610 3167 647 3215 M.
691 3169 799 3230 potestis
826 3171 858 3219 G.
902 3170 987 3231 etiam]
1013 3170 1060 3218 iam
1090 3173 1117 3218 V.

264 3243 298 3307 (6)
312 3255 390 3306 atquc
402 3260 489 3294 sumus
505 3248 532 3294 V.
568 3248 650 3297 honos
663 3250 719 3298 GV.
756 3249 881 3308 ttijscc,
896 3251 943 3299 Nis
957 3252 984 3298 V.
1019 3250 1119 3314 (Blpol-

265 3324 319 3372 litas
332 3326 358 3371 V.
394 3325 601 3389 (9)habul}hunc
614 3329 641 3374 V.
667 3327 716 3392 (υ)
729 3327 903 3379 sacilimcCG.
939 3328 987 3392 (12.
1002 3332 1118 3396 rtltante

263 3402 396 3453 admiratio
405 3406 443 3454 Μ.
478 3405 526 3468 (14)
544 3407 646 3468 quoad
664 3422 711 3457 nos
727 3409 757 3458 C.
792 3407 842 3472 (ις)
860 3410 993 3460 iudicarint
1006 3413 1035 3470 C,
1055 3411 1119 3461 iudi-

263 3493 384 3532 caverunt
400 3486 427 3532 V.
462 3486 522 3548 quia
537 3488 564 3534 V.
589 3487 704 3546 hijsCG.
738 3488 788 3552 (1⁶)
798 3489 971 3541 indicimusc
1006 3490 1118 3556 (rylglo

264 3562 300 3610 ria
317 3563 354 3611 Μ.
389 3565 479 3614 vixisse
498 3568 589 3615 vante
600 3581 656 3617 corr.
691 3571 809 3622 loectetur
828 3571 856 3619 V.

317 3683 377 3725 leot:
392 3683 502 3740 Nogarole
516 3685 593 3743 Opera.
608 3689 615 3732 Ι
982 3691 1008 3731 u
