2850 4694
719 589 758 668 9⁸

310 780 420 836 sasset
436 761 606 860 periculis.
637 761 732 836 Hinc
748 761 840 835 enim
859 763 910 835 M.
930 761 1080 836 Tullium
1099 763 1163 837 Ci-

310 902 475 952 ceronem
516 877 684 952 advenam
718 894 755 952 et
787 876 948 953 humilem
981 878 1092 953 civem
1127 896 1165 953 et

313 995 440 1068 Romae
457 1008 636 1092 potentem
653 1009 690 1067 et
706 991 739 1066 in
755 992 849 1092 gravi
863 992 1024 1068 Catilinae
1041 993 1164 1068 coniu-

311 1108 444 1185 ratione
473 1107 624 1183 omnium
649 1131 820 1183 consensu
850 1110 1029 1184 consulem
1059 1109 1163 1185 luisse

286 1224 456 1323 alegimus
493 1240 598 1322 atque
628 1223 661 1297 in
690 1222 765 1298 eius
793 1247 890 1322 saepe
924 1224 1079 1299 manibus
1108 1251 1163 1300 ur·

313 1342 393 1416 bem
410 1339 655 1438 civitatemque
673 1339 863 1415 universam
880 1339 1088 1416 difficillimis
1113 1341 1164 1415 rei

313 1456 463 1555 publicae
489 1455 700 1554 temporibus
725 1471 893 1530 servatam
914 1455 1076 1530 extitisse.
1107 1455 1164 1530 Ad

313 1573 392 1647 haec
420 1570 593 1646 Aliricano
622 1593 701 1645 cum
731 1569 764 1644 in
792 1570 1021 1646 Linterninam
1050 1571 1163 1647 villam

312 1712 351 1763 se
380 1686 581 1785 recepisset,
612 1710 768 1786 magnam
802 1685 1005 1785 praedonum
1035 1687 1164 1762 adven·

271 1821 404 1880 rotasse
422 1827 569 1894 manum,
587 1825 737 1901 cumque
754 1802 841 1877 intra
865 1819 959 1877 tecta
984 1802 1166 1902 magnifica

313 1917 498 1993 introducti
511 1933 638 2009 essent,
647 1941 753 1992 cerea
764 1916 837 1993 eius
850 1917 1007 2017 postibus
1020 1918 1164 2018 perinde

313 2059 356 2109 ac
373 2033 479 2109 sacris
496 2033 699 2132 imposuisse
715 2032 907 2124 simulacra,
925 2058 1075 2132 cumque
1093 2060 1166 2109 ma-

312 2150 364 2248 gis
390 2149 481 2247 prius
507 2148 691 2247 praedaturi
717 2165 917 2247 putarentur
941 2166 978 2223 et
1001 2149 1064 2224 sibi
1096 2150 1165 2225 ser-

314 2290 392 2341 reos
421 2264 560 2340 occludi
593 2281 712 2364 postes
746 2264 983 2363 intelligerent,
1014 2263 1047 2338 hi
1073 2290 1165 2341 voce

272 2424 297 2476 ις
313 2405 470 2457 consona
485 2405 606 2455 omnes
631 2382 919 2470 exclamaverunt,
938 2405 1007 2454 non
1028 2380 1165 2479 Scipio-

315 2497 366 2572 nis
382 2497 461 2571 vitae
480 2498 598 2571 hostes
614 2495 677 2571 sed
693 2495 768 2571 eius
785 2495 914 2571 virtutis
938 2496 1166 2572 admiratores

313 2613 527 2688 adventasse.
561 2615 738 2688 Praeterea
765 2613 978 2710 Sophoclem
1007 2611 1164 2710 legimus,

314 2753 393 2804 cum
411 2752 433 2804 a
449 2727 524 2802 filiis
549 2727 624 2802 dies
645 2727 740 2803 dicta
763 2744 857 2803 esset
881 2744 918 2802 et
942 2726 974 2801 in
1000 2727 1164 2802 iudicium

313 2847 447 2922 delatus
471 2863 575 2936 esset,
603 2845 803 2944 Oedipodis
832 2843 984 2920 Colonei
1014 2845 1164 2920 fabulam

271 2963 464 3040 „edidisse
490 2962 670 3052 iudicibus,
708 2961 764 3036 cui
795 2963 935 3036 multum
968 2959 1098 3058 diuque
1128 2978 1166 3034 et

361 3255 396 3320 (ι)
411 3257 515 3306 Marcus
530 3254 562 3302 Τ.
582 3255 611 3302 V.
645 3254 679 3317 (ὁ)
697 3253 838 3302 universam
854 3251 944 3302 ome
978 3251 1163 3313 difficilimlsc,

313 3336 439 3386 difficilius
459 3336 486 3383 V.
520 3333 554 3397 (Β)
568 3334 658 3383 alirino
675 3333 705 3383 C.
739 3333 822 3383 litern.
841 3332 870 3383 G
904 3332 978 3381 vilem
998 3333 1026 3379 V.
1067 3330 1117 3394 (υ)
1133 3344 1166 3381 ac

313 3417 401 3465 ormv.
435 3414 612 3464 simulaturC.
646 3412 850 3476 (¹3.14)lereos
861 3413 888 3460 V.
922 3411 973 3474 (14)
990 3411 1022 3469 hil
1040 3411 1070 3470 C,
1089 3411 1112 3458 in
1134 3412 1162 3459 V.

315 3494 364 3557 (ις)
388 3493 581 3543 exclamaverint
602 3495 629 3542 V.
663 3491 773 3555 Sipionis
787 3492 817 3542 C.
859 3490 908 3555 (16)
926 3491 1007 3540 hostis
1023 3490 1053 3540 G
1087 3489 1165 3540 virtu·

314 3584 354 3624 tes
374 3577 400 3622 V.
435 3574 485 3637 (ιθ)
502 3573 621 3624 diesem.
638 3573 668 3624 G
703 3571 798 3624 iudicio
814 3572 844 3623 C.
