2850 4694
816 562 906 607 cxtvt

435 714 543 777 disposti
561 713 614 762 iare
626 716 649 762 ei
662 722 784 776 presente
801 720 955 762 testamento
972 713 994 761 in
1007 713 1104 774 scripto
1120 715 1202 760 soiurn
1215 726 1289 760 conte

435 808 466 843 se
482 801 637 858 contegnara
652 795 696 856 qui
713 793 748 843 de
764 801 835 843 sotto
850 791 967 843 ordinata
984 800 1092 842 mentro.

484 874 510 922 in
533 873 619 935 primis
644 875 668 921 la
690 871 844 923 recontenda
867 873 958 922 lanima
979 886 1057 922 suaa
1074 876 1097 921 la
1113 873 1289 934 omnipotente

437 954 489 1003 Dio
512 966 531 1001 e
558 956 582 1001 ia
605 967 652 1001 sua
676 951 763 1002 madre
787 952 899 1016 gloriosa
922 953 1025 1016 Virgine
1050 952 1131 1001 Maria
1153 959 1250 1001 etutta
1267 954 1290 999 ia

435 1039 509 1082 corte
525 1031 568 1081 del
585 1034 652 1082 ceiio
668 1032 863 1095 triuumphante.

484 1112 504 1161 Ε
528 1113 587 1161 vole
615 1126 632 1162 e
654 1111 779 1162 contenda
800 1114 850 1162 che
873 1110 977 1173 quando
993 1126 1055 1160 vera
1071 1114 1094 1160 ei
1112 1119 1200 1173 tempo
1217 1111 1250 1160 de
1268 1114 1290 1159 ia

435 1205 482 1242 aua
498 1200 582 1242 rnorte
599 1193 624 1240 ei
641 1206 689 1242 suo
705 1206 789 1254 corpo
805 1192 842 1241 sia
858 1192 959 1255 sepeliti
971 1192 994 1240 in
1007 1193 1030 1241 la
1041 1193 1122 1241 ciexia
1132 1191 1166 1241 de
1179 1190 1291 1241 Madona

436 1272 513 1321 Senta
529 1271 625 1321 Zeciiia
641 1272 664 1320 in
682 1279 846 1322 monumento
862 1284 966 1321 suorum
983 1272 1031 1321 &e

484 1352 547 1402 item
571 1354 625 1401 iaxa
647 1365 697 1415 pro
712 1353 794 1401 anima
809 1366 856 1402 sua
872 1360 898 1402 et
915 1353 939 1401 in
956 1353 1107 1401 remissione
1123 1360 1289 1414 peccatorum

434 1444 451 1478 a
473 1430 641 1494 linfrascripte
664 1431 745 1481 ciexie
769 1445 785 1481 e
808 1431 932 1495 reiigione
949 1439 976 1480 et
992 1431 1073 1494 prima
1088 1445 1103 1479 a
1120 1434 1142 1479 te
1158 1431 1238 1480 ciexia
1255 1430 1289 1479 de

435 1511 528 1561 Sencta
544 1511 640 1560 Zecilia
655 1510 689 1561 de
706 1512 811 1561 Verona
827 1511 871 1561 ubi
888 1512 982 1572 iacebit
993 1514 1018 1561 ei
1029 1525 1077 1561 suo
1088 1524 1171 1573 corpo
1182 1510 1290 1560 ducatos

435 1590 549 1653 quinque
564 1590 628 1650 auri.

483 1672 546 1721 item
574 1672 690 1721 Ecciesie
716 1672 809 1723 Sencte
837 1672 919 1721 Marie
942 1671 976 1721 de
1001 1672 1160 1734 Archurupta
1181 1670 1290 1721 ducatos

435 1758 547 1813 quatuor
561 1752 625 1811 euri.

484 1833 547 1881 item
572 1832 688 1882 Ecclesie
711 1833 796 1882 Sancti
815 1832 927 1882 Zenonis
951 1833 974 1882 in
999 1842 1086 1884 monte
1102 1833 1212 1883 ducatos
1228 1846 1289 1894 qua·

436 1920 495 1961 tuor
511 1912 574 1972 euri.

485 1994 547 2042 itent
564 1992 684 2043 fratribus
694 1993 806 2043 iesuatis
816 1993 924 2044 ducatos
935 2003 1048 2056 quatuor
1058 1995 1121 2053 auri.
1136 1995 1198 2043 ltent
1210 1992 1289 2041 domi-

436 2073 517 2122 nabus
540 2071 575 2122 de
599 2074 691 2123 Sencta
706 2073 782 2123 clera
798 2073 906 2125 ducatos
922 2085 1034 2137 quatuor
1049 2076 1112 2135 auri.
1131 2076 1193 2124 item
1210 2074 1290 2122 dorni·

437 2152 519 2201 nabus
546 2153 630 2202 Sancti
656 2154 761 2203 Johanis
787 2153 822 2203 de
846 2158 870 2203 ia
894 2155 1028 2204 beveraria
1051 2154 1160 2204 ducatos
1177 2162 1290 2215 quatuor

435 2232 499 2292 auri,
517 2234 579 2281 item
597 2233 715 2283 iratribus
731 2233 824 2283 Sancte
840 2235 975 2283 Anastaxie
992 2233 1101 2284 ducatos
1116 2233 1208 2282 decern
1225 2236 1288 2292 auri.

484 2312 546 2361 itent
571 2313 627 2362 laxo
653 2313 702 2362 che
727 2320 793 2362 tutte
817 2315 841 2362 le
866 2313 915 2362 rnie
931 2313 991 2363 fiole
1007 2315 1056 2362 che
1073 2327 1102 2362 se
1119 2321 1221 2363 trovara
1236 2328 1252 2362 a
1268 2317 1291 2362 ta

436 2394 486 2442 ntia
508 2399 590 2442 morte
614 2392 688 2442 siano
702 2393 795 2443 vestite
811 2405 890 2455 supra
906 2395 931 2443 el
947 2406 1030 2456 corpo
1047 2393 1097 2443 mio
1113 2393 1290 2443 condecenter

436 2480 463 2522 et
485 2471 599 2522 similiter
621 2474 646 2521 le
669 2472 718 2522 ntie
741 2485 813 2523 nore.
833 2472 897 2522 Item
914 2475 981 2523 lasso
995 2487 1012 2521 a
1029 2470 1164 2536 Lodovigo
1181 2472 1213 2521 mi
1230 2474 1289 2522 tiolo

436 2553 461 2600 ia
487 2549 591 2601 mittade
617 2549 652 2600 de
678 2551 725 2601 tuti
750 2552 766 2599 ii
790 2564 848 2615 ntey
864 2550 914 2601 ficti
930 2564 947 2601 e
964 2551 1061 2600 intrude
1078 2550 1112 2600 da
1128 2551 1205 2601 Senio
1221 2560 1248 2600 et
1265 2552 1287 2600 in

437 2630 594 2694 pedemonte
610 2630 645 2680 de
662 2631 803 2681 Vexentina
818 2643 867 2681 oon
884 2632 907 2680 le
923 2629 1057 2694 proprieta
1071 2630 1106 2680 de
1123 2631 1201 2692 queii.

484 2711 547 2761 item
572 2712 629 2760 laxo
653 2724 668 2760 a
691 2711 771 2760 Ysota
793 2711 842 2760 ntia
863 2711 922 2760 dola
946 2712 1018 2762 lettre
1034 2709 1137 2760 mittade
1154 2709 1180 2759 di
1198 2710 1213 2759 ti
1231 2710 1288 2757 miei

436 2789 485 2839 ficti
508 2803 525 2840 e
548 2788 645 2839 intrade
667 2788 702 2838 de
725 2788 802 2839 Schio
825 2796 853 2839 et
877 2791 900 2839 in
924 2790 1081 2852 pedemonte
1097 2803 1175 2851 supra
1191 2788 1287 2851 scripte

436 2869 564 2931 equaliter
585 2877 612 2919 et
640 2869 715 2931 equis
737 2869 906 2932 portionibus.
936 2870 999 2920 item
1026 2872 1093 2920 tasso
1119 2885 1135 2919 a
1166 2869 1287 2931 iodovigo

437 2949 488 3001 mio
510 2950 572 3000 tiolo
593 2957 661 3001 tutto
682 2951 771 3012 quello
794 2950 853 3001 citio
875 2950 961 3000 aiere
976 2954 1071 3011 Auno,
1089 2964 1137 3001 aoe
1153 2953 1178 3000 ei
1195 2950 1288 2999 molino

436 3031 460 3079 ia
482 3043 547 3093 proa
568 3044 584 3078 e
608 3032 633 3079 ie
656 3030 783 3089 Vernace,
801 3044 817 3078 e
833 3031 901 3080 omni
916 3032 980 3080 altra
996 3044 1071 3082 oosse
1095 3031 1154 3081 chio
1176 3042 1288 3079 avexea

436 3108 491 3158 iare
514 3108 538 3157 in
562 3110 650 3170 queiio
674 3111 742 3172 logo.
767 3110 830 3159 item
855 3112 923 3160 iusso
944 3111 1001 3161 chel
1025 3113 1050 3160 el
1066 3109 1136 3160 dicto
1154 3108 1287 3171 Lodovigo

437 3189 488 3240 mio
510 3189 571 3239 finio
592 3189 630 3238 sia
652 3190 712 3253 ogni
735 3203 802 3240 anno
823 3191 938 3254 obligato
961 3190 1025 3241 dare
1040 3205 1055 3241 a
1072 3193 1151 3241 Ysota
1167 3190 1215 3239 ntia
1230 3190 1289 3239 nota

436 3282 483 3319 sua
498 3269 593 3318 sorella
609 3277 693 3318 trenta
709 3270 790 3319 minati
802 3270 929 3320 fruniento
945 3284 961 3319 e
979 3269 1026 3319 tria
1042 3283 1100 3320 caru
1111 3269 1146 3318 de
1157 3270 1216 3317 vino
1226 3282 1287 3317 con·

437 3346 518 3397 ducto
539 3360 555 3396 a
576 3347 681 3396 Verona
702 3361 718 3397 a
740 3356 795 3399 tute
811 3362 859 3399 aue
875 3362 956 3411 spexe
973 3347 1008 3398 de
1024 3350 1049 3398 ei
1065 3347 1135 3398 dicto
1152 3347 1287 3410 Lodovigo

435 3428 476 3476 ala
491 3439 551 3476 casa
566 3425 601 3476 de
618 3426 763 3477 iabitatione
779 3427 814 3478 de
830 3429 853 3478 lt
868 3426 930 3478 deta
946 3426 1055 3477 meduna
1071 3429 1150 3478 Ysota
1160 3429 1209 3476 ntia
1219 3428 1285 3477 fiola.

438 3507 502 3558 item
523 3507 584 3558 voio
602 3521 617 3558 e
632 3507 733 3558 ordeno
747 3509 797 3558 cite
813 3522 842 3559 se
860 3510 939 3559 Ysota
954 3507 1070 3572 predicta
1085 3509 1134 3559 rnia
1149 3510 1216 3570 iota,
1235 3522 1288 3559 nto·
