2850 4694
798 589 920 640 CXXXIV

433 746 581 798 chureno
603 746 701 797 Artium
724 755 752 797 et
775 748 793 796 Ι.
819 747 850 796 V.
875 748 909 796 D.
935 744 1011 797 dieto
1027 746 1140 796 Civitatis
1156 747 1282 796 pretore.

431 829 506 877 mu
522 827 625 877 Domini
642 826 903 876 MCCCCXXXin
921 825 1045 877 laudatur.

485 901 511 952 ⁶1
526 908 599 957 Feles
613 915 741 970 suntque
752 905 787 956 de
803 908 854 956 hoc
862 905 965 971 diriogo
976 906 1056 956 reiert
1068 906 1198 969 Georgius
1209 907 1285 970 Voigt

433 986 505 1050 (Pius
517 988 548 1037 tt.
560 989 612 1037 voi.
633 986 677 1036 iii.
690 999 716 1048 p.
728 986 784 1049 (ης)
796 999 803 1035 ι
817 986 874 1034 einr
890 987 984 1049 Diaiog
997 986 1063 1036 uber
1073 984 1116 1035 die
1127 986 1284 1050 streitirage,

432 1067 470 1117 ob
484 1065 566 1117 Adem
581 1066 649 1117 oder
671 1067 724 1117 Βνι
744 1067 832 1115 iriiiter
849 1064 899 1115 und
916 1067 989 1115 nteitr
1011 1062 1155 1129 gesitndigt,
1181 1075 1285 1129 erregte

432 1147 632 1209 vietnuiseiten
650 1148 731 1197 runai
746 1145 781 1195 da
795 1146 835 1197 sie
852 1147 904 1195 Ενι
919 1144 963 1195 die
979 1146 1101 1208 grissere
1120 1144 1215 1195 Scituid
1232 1147 1285 1195 bei-

434 1240 508 1276 mss
535 1226 568 1276 Es
591 1227 697 1286 sensim,
715 1225 775 1275 dass
797 1226 835 1276 sie
859 1223 933 1276 dieze
951 1225 1114 1288 Disputation
1132 1226 1193 1275 Pius
1210 1226 1286 1276 itber·

433 1307 540 1366 wichte,
558 1304 683 1355 trondem
700 1307 758 1355 eine
774 1304 867 1355 Schriii
884 1305 950 1355 itber
960 1303 1104 1355 denseiben
1116 1306 1285 1368 Gegenstand

434 1387 548 1436 erudiant
572 1384 645 1445 wird,
674 1383 717 1434 die
741 1386 870 1435 vielieicitt
891 1386 965 1436 scine
991 1389 1107 1436 Antwort
1134 1387 1188 1436 isti.
1219 1388 1286 1436 Maie

434 1467 510 1516 etiem
526 1466 699 1529 Hieronymus
715 1463 784 1514 deiln
800 1465 882 1515 Corte
898 1466 977 1529 (Deii'
998 1467 1090 1517 istoria
1107 1465 1174 1516 delia
1189 1466 1250 1517 cittd
1260 1466 1287 1515 di

433 1545 544 1595 Verona
562 1546 673 1594 Venezia
691 1556 758 1606 1744,
778 1545 821 1594 ΙΙΙ.
840 1559 866 1608 ρ.
883 1545 922 1606 84.
951 1546 992 1610 ⁸5)
1018 1547 1152 1597 intereos
1176 1548 1219 1608 qui
1243 1548 1287 1594 Ni-

433 1627 509 1676 coieo
532 1624 630 1688 Quinto
655 1625 770 1675 Pontifici
800 1625 911 1675 Muximo
931 1639 1015 1689 opera
1040 1640 1087 1677 sua
1113 1625 1286 1676 dedicaverint

433 1706 510 1755 etiam
527 1707 620 1755 isotem
635 1705 760 1755 nominat:
779 1704 831 1754 tire
846 1706 915 1768 quali
931 1705 957 1755 iu
975 1707 1053 1757 isutta
1070 1707 1201 1770 Nogarola
1216 1708 1287 1755 nobi-

434 1787 526 1835 lissima
548 1794 636 1836 nostra
657 1785 785 1847 cittadina,
809 1786 894 1836 donna
917 1800 966 1836 non
989 1800 1066 1836 meno
1089 1786 1160 1835 dotta
1183 1786 1216 1835 ed
1234 1790 1287 1835 eto-

434 1874 532 1930 quente
555 1867 604 1917 cite
628 1864 723 1929 pudice
744 1881 760 1916 e
783 1867 859 1927 bella,
884 1867 933 1916 cite
957 1865 1092 1931 seguendo
1109 1867 1244 1929 i'esetnpio
1261 1867 1286 1914 di

434 1947 505 1996 molti
529 1947 622 1996 scrisse
645 1960 661 1996 a
682 1947 734 1997 Sue
759 1945 855 1996 Sentiti
882 1960 914 1995 un
942 1947 1080 1996 wiliesinto
1103 1959 1119 1996 e
1144 1945 1287 1994 dottissitno

436 2028 555 2091 Diningo,
580 2028 622 2076 nei
644 2029 721 2089 quale
743 2027 764 2075 si
786 2025 892 2090 disputo
911 2027 952 2077 citi
978 2025 1020 2076 de'
1039 2026 1118 2075 nostri
1145 2027 1217 2088 primi
1245 2041 1287 2087 pa-

436 2107 501 2156 renti
518 2107 718 2171 meggiorntente
735 2120 870 2169 pecasse,
888 2104 987 2155 iidemu
1003 2119 1021 2155 ο
1038 2107 1107 2155 Eva:
1124 2106 1140 2154 it
1156 2108 1233 2167 quaie
1254 2108 1287 2169 gii

436 2187 462 2236 iu
478 2187 620 2250 gratissimo
636 2200 652 2237 e
668 2185 735 2250 dagii
758 2185 898 2236 intendenti
914 2185 940 2235 iu
957 2183 1085 2249 giudicatu
1101 2199 1184 2249 opera
1199 2185 1288 2235 dottis·

435 2266 521 2317 sinan

488 2340 512 2390 ⁶⁴
528 2347 590 2396 Pius
605 2353 708 2396 centum
723 2346 794 2396 annis
809 2353 869 2408 post
886 2347 937 2395 noc
952 2345 1070 2394 Vuierius
1087 2346 1219 2395 Paternus
1230 2348 1256 2412 (t.
1271 2349 1286 2395 1.

435 2439 462 2488 p.
487 2426 524 2474 rii.
551 2426 589 2491 ιφ)
605 2424 640 2476 de
657 2427 734 2476 isot·
749 2423 854 2489 dialogo
870 2426 976 2489 protulit
992 2423 1127 2476 iudicium:
1145 2427 1218 2488 «ipse
1234 2428 1289 2488 qui-

435 2504 495 2555 dem
516 2503 586 2555 adeo
607 2506 699 2556 utentis
719 2505 836 2556 acumine
857 2513 898 2557 est
914 2507 989 2566 ciete,
1013 2505 1048 2555 ita
1068 2505 1102 2556 ad
1118 2507 1213 2555 maiora
1229 2519 1289 2556 con·

436 2583 525 2645 tendit,
545 2593 573 2635 ut
587 2585 621 2636 ad
636 2598 758 2635 summunt
775 2586 850 2636 etiem
862 2586 928 2636 iiiam
938 2584 1125 2650 indagntionem
1137 2587 1285 2647 penetrent,

438 2671 497 2714 uter
520 2677 552 2713 ex
574 2665 661 2727 primia
682 2663 833 2727 perentibus
855 2664 947 2714 nostris
962 2663 1062 2715 iidemu
1078 2672 1105 2714 ei
1121 2664 1174 2714 Eva
1189 2666 1289 2728 gravius

436 2745 461 2793 in
483 2745 570 2794 Deum
596 2744 719 2808 peccaris
745 2744 829 2808 Quant
853 2756 908 2795 rent
931 2741 1036 2807 dialogo
1051 2743 1205 2806 descriptam
1222 2752 1289 2793 tanta

436 2831 477 2872 est
492 2821 609 2873 doctrina
619 2825 760 2886 complexa,
774 2831 801 2873 ut
812 2825 894 2874 nuiius
905 2831 1034 2886 preterea
1045 2824 1182 2887 theologus
1193 2826 1289 2873 maiore

437 2903 547 2953 infime
563 2903 701 2966 potuerim

488 2976 514 3027 ⁶⁸
530 2983 591 3034 iioc
605 2982 719 3048 Monuni
734 2981 764 3046 (Ι.
782 2995 808 3046 p.
821 2982 860 3048 59)
875 2996 908 3033 ex
923 2981 1019 3034 eodeni
1036 2983 1149 3034 «Libbro
1165 2981 1206 3032 de'
1222 2985 1290 3046 Reg-

436 3063 540 3126 ginrenti
562 3060 630 3112 della
652 3064 736 3126 nep..
760 3062 883 3114 didicisse
904 3062 1013 3122 videtur,
1039 3076 1072 3113 ex
1094 3075 1147 3125 quo
1171 3063 1289 3112 ioannem

439 3141 596 3205 Naugerium
616 3155 641 3191 ι
667 3154 724 3207 1⁴²5
751 3150 890 3205 praeturam
905 3144 1082 3193 Veronensent
1099 3143 1210 3206 gessisse
1226 3141 1290 3191 didi·

438 3230 516 3273 cerat.
541 3221 641 3272 Conier
666 3223 741 3273 etism
769 3224 919 3286 Pompeium
947 3224 1037 3273 [istem
1064 3223 1088 3271 in
1113 3222 1289 3284 descriptione

438 3303 604 3366 analogice
625 3302 724 3352 inmitia
746 3303 902 3368 Naugeriaa:
921 3303 1059 3354 tGiovenni
1075 3303 1117 3352 de’
1139 3314 1168 3364 4ι
1186 3304 1291 3352 eiettori

437 3381 482 3431 dei
501 3381 570 3447 duge
595 3383 708 3434 Miciteie
731 3384 819 3446 Steno,
844 3382 955 3447 pudent
976 3384 1003 3434 di
1025 3382 1143 3446 Coiugna
1159 3384 1200 3431 nei
1219 3386 1286 3443 1406,

437 3463 592 3527 contigiiere
618 3464 662 3514 dei
678 3463 748 3528 doge
764 3468 805 3516 nei
825 3467 893 3526 140⁶.
912 3466 951 3514 Lo
966 3464 1090 3513 trovianto
1106 3477 1232 3527 perurere
1248 3467 1289 3512 nei

440 3554 502 3604 1420
522 3545 592 3594 unde
614 3545 685 3595 insse
708 3546 812 3595 istituita
836 3548 860 3595 la
883 3545 965 3595 serice
981 3545 1008 3595 di
1023 3547 1208 3609 iuogotenenta
1224 3548 1290 3594 neila
