2850 4694
672 615 723 675 ¹9¹

271 791 370 841 curas
394 766 514 842 studiis
539 766 723 841 litterarum
742 764 933 865 impendas,
951 791 1031 864 quae
1049 782 1121 839 tan-

272 899 341 956 tum
371 885 457 957 solae
487 899 521 957 te
551 883 776 957 immortalem
802 882 944 956 efficere
966 897 1120 980 possunt,

271 996 350 1071 mihi
377 1022 460 1072 vero
479 996 666 1096 indulgeas,
684 997 711 1072 si
730 997 790 1071 tibi
808 996 929 1097 dignas
946 996 992 1071 de
1010 1014 1069 1071 tuo
1087 997 1120 1071 in

271 1138 325 1186 me
339 1137 457 1187 amore
475 1113 610 1210 tuisque
628 1111 784 1187 laudibus
803 1139 870 1186 non
889 1137 957 1210 ago
973 1113 1120 1209 gratias;

270 1228 432 1325 quoniam
459 1245 576 1303 tacere
610 1228 781 1318 constitui,
812 1226 1118 1328 quandoquidem
1153 1257 1162 1306 ς

271 1360 327 1417 tua
360 1344 393 1417 in
420 1370 475 1418 me
508 1344 686 1443 praeconia
719 1344 844 1418 nedum
874 1368 1027 1441 aequare,
1056 1342 1119 1417 sed

270 1485 336 1535 nec
350 1460 413 1534 illis
428 1459 640 1558 respondere
651 1485 755 1559 posse
765 1485 883 1535 cerno.
899 1459 978 1533 Tibi
990 1477 1118 1533 tantum

268 1601 416 1651 summas
430 1578 544 1651 habeo
556 1576 682 1675 gratias
695 1601 877 1675 agamque,
887 1575 968 1650 dum
987 1601 1120 1650 memor

269 1693 343 1791 ipsa
368 1692 446 1782 mei,
473 1691 554 1767 dum
572 1691 709 1791 spiritus
727 1695 790 1767 hos
808 1692 895 1789 regit
912 1708 1012 1766 artus.
1032 1694 1118 1767 Vale

266 1823 303 1881 et
329 1808 361 1881 in
392 1806 549 1904 augenda
578 1807 701 1881 virtute
731 1823 766 1881 te
797 1807 906 1905 ipsum
924 1808 1033 1883 vince.
1067 1809 1116 1883 Ex
1134 1832 1163 1869 ¹0

266 1924 431 1998 venetiis.

313 2147 347 2209 (ι)
364 2145 462 2207 possim
482 2147 509 2194 V-
544 2147 578 2208 (³)
601 2146 674 2195 michi
695 2146 724 2197 C.
760 2145 794 2208 (ς)
815 2159 858 2207 qu.
878 2154 926 2196 tac.
944 2155 1026 2196 const.
1044 2160 1114 2196 emm.

267 2226 330 2275 GM.
365 2224 399 2289 (6)
424 2225 535 2275 nondum
561 2226 592 2284 C,
618 2226 730 2276 nundum
753 2228 781 2274 V.
817 2235 858 2276 set
875 2227 932 2276 GV.
976 2225 1011 2288 (7)
1028 2240 1061 2275 ne
1086 2228 1113 2283 V.

265 2306 355 2355 ome
389 2305 494 2367 tamum]
507 2319 556 2355 non
572 2308 599 2355 V.
633 2306 668 2368 (9)
686 2315 757 2370 regat
776 2308 840 2357 GM.
875 2308 922 2370 (ιο.
944 2305 981 2367 11)
997 2307 1032 2356 Ex
1048 2307 1113 2356 Ven.

265 2385 573 2437 om.G.Veleadd1'!C
