2850 4694
676 551 729 630 167

271 712 359 794 ditas
393 713 490 809 erat,'
514 737 549 794 ut
578 745 657 795 cum
692 723 864 798 cavissent
896 723 1125 799 Athenienses

272 834 428 925 decreto,
448 851 485 908 ut
501 835 559 932 qui
579 837 734 934 Megaris
751 837 835 912 civis
852 855 955 929 esset,
973 839 1001 914 si
1019 841 1126 913 Athe-

270 975 330 1025 nas
348 950 474 1048 pedem
504 950 634 1025 referre
665 954 856 1050 prehensus
880 971 983 1047 esset,
1010 980 1053 1029 ea
1071 980 1125 1030 res

269 1066 302 1138 ei
323 1066 480 1164 capitalis
510 1084 613 1159 esset,
645 1068 674 1142 is
704 1068 811 1143 nihilo
841 1069 937 1144 lacto
967 1071 1125 1169 periculo

268 1184 421 1257 Athenas
447 1199 552 1257 noctu
583 1186 788 1282 peragrabat
805 1203 841 1258 et
862 1203 1045 1284 antequam
1063 1186 1125 1262 ad·
1157 1217 1166 1268 t

268 1315 529 1397 vesperasceret
555 1300 671 1374 tunica
688 1301 792 1397 longa
813 1301 968 1375 muliebri
988 1301 1124 1377 indutus

268 1431 304 1488 et
321 1415 427 1513 pallio
452 1415 663 1489 versicolore
689 1416 834 1490 amictus
851 1433 887 1490 et
904 1433 1011 1515 caput
1032 1420 1125 1492 vela-

268 1545 321 1604 tus
338 1554 360 1603 e
377 1530 485 1606 domo
502 1556 564 1605 sua
594 1531 748 1630 Megaris
766 1531 810 1605 ad
828 1534 1008 1606 Socratem
1027 1556 1124 1607 com·

269 1648 416 1737 meabat,
444 1663 480 1720 ut
497 1649 551 1722 vel
579 1647 691 1721 noctis
717 1663 876 1745 tempore
901 1647 1122 1722 consiliorum

267 1787 534 1861 sermonumque
560 1763 712 1838 Socratis
738 1763 826 1836 lierit
847 1763 1033 1862 particeps,
1051 1789 1169 1839 rur-10

267 1903 393 1975 susque
415 1881 478 1953 sub
496 1881 575 1952 luce
594 1879 685 1952 milia
698 1903 818 1976 passus
839 1878 983 1976 amplius
1005 1878 1121 1976 viginti

267 1994 389 2067 eadem
409 1994 463 2068 illa
481 2010 577 2068 veste
595 2010 708 2067 tectus
725 1992 869 2067 redibat
896 1994 1122 2068 Democritus

267 2134 388 2208 magna
418 2108 550 2183 sciendi
581 2108 771 2207 cupiditate
809 2108 982 2183 deductus
1013 2133 1123 2182 reser·
1217 2137 1223 2148 ·

266 2241 343 2298 vata
359 2224 423 2298 sibi
451 2225 484 2298 in
513 2224 728 2299 necessarios
754 2250 833 2300 usus
859 2224 998 2300 modica
1024 2241 1121 2322 parte

267 2340 459 2437 patrimonii
490 2340 662 2414 residuum
689 2340 810 2438 patriae
835 2365 907 2415 suae
932 2339 1029 2415 dono
1059 2339 1121 2414 de-
1137 2364 1163 2416 ις

266 2455 326 2547 dit,
366 2456 562 2530 existimans
601 2458 691 2529 hanc
733 2455 954 2553 pecuniarum
994 2456 1119 2529 molem

266 2571 403 2647 discere
416 2572 635 2670 cupientibus
648 2596 831 2646 onerosam
850 2571 1016 2646 sarcinam
1032 2571 1120 2643 lutu-

267 2712 347 2762 ram.
388 2690 491 2762 Hanc
525 2712 608 2762 vero
642 2687 799 2761 virtutem
825 2687 852 2761 si
880 2703 927 2778 tu,
953 2685 1119 2785 quemad·

312 2889 347 2953 (2)
363 2889 473 2939 decreto
487 2903 533 2939 om.
550 2890 577 2939 Ρ.
619 2889 653 2952 (ς)
675 2890 785 2939 rederre
802 2890 830 2938 F.
864 2891 997 2952 compreh.
1015 2888 1043 2937 1··.
1078 2902 1119 2951 pr.

267 2972 346 3033 esset]
363 2984 440 3019 rusus
457 2970 546 3019 luisset
562 2971 591 3029 Ε,
609 2971 683 3033 preh.
698 2970 787 3019 luisset
798 2970 824 3017 P.
860 2968 893 3032 (4)
907 2968 960 3020 lato
975 2971 1003 3018 V.
1030 2967 1063 3032 (ς)
1075 2982 1120 3031 pe·

267 3052 355 3118 grebat
372 3050 410 3100 M.
444 3049 510 3113 (pb)
527 3050 724 3113 advesperasset
741 3050 793 3099 GP.
828 3048 862 3112 (6)
873 3051 965 3112 longua
981 3049 1007 3096 Ρ.
1042 3048 1119 3098 induc

266 3141 307 3183 tus
331 3132 405 3182 CPV·
448 3131 481 3193 (7)
506 3139 532 3179 et
555 3131 762 3192 pallio-veletus
777 3143 847 3178 cmm.
866 3128 951 3178 CMV.
985 3129 1054 3190 pelio
1069 3129 1116 3176 FP.

266 3211 386 3275 cepudP.
421 3209 455 3273 (Β)
464 3224 495 3259 ex
504 3211 567 3259 GM.
602 3210 634 3273 (8.
644 3212 669 3274 9)
678 3208 812 3261 comeebrt
822 3209 852 3258 C.
887 3208 921 3272 (9)
938 3208 1042 3259 conscll.
1061 3209 1116 3258 CV.

267 3291 365 3354 (tort)
383 3291 514 3339 rursusG.
549 3290 743 3354 (romildam
774 3302 894 3351 passuum
910 3289 937 3336 E.
972 3287 1021 3352 (η)
1033 3289 1075 3337 ille
1087 3290 1116 3348 V,

266 3385 335 3421 cmm.
355 3371 401 3419 ΕΡ.
437 3371 602 3420 Demetricus
618 3370 648 3420 C
690 3370 741 3433 (¹⁴)
758 3370 910 3419 necessariis
924 3369 954 3418 C
988 3367 1117 3432 (15))εεί-

267 3451 342 3502 duem
359 3452 397 3501 Μ.
431 3451 479 3514 (ιό)
498 3451 647 3513 peccuniam
665 3451 702 3499 Μ.
738 3452 840 3499 mollem
858 3449 929 3498 FPV.
964 3449 1014 3512 (17)
1030 3450 1117 3497 volen-

267 3532 335 3580 tibus
352 3531 420 3580 EFP.
454 3531 503 3593 (ιθ)
521 3532 593 3591 vero}
610 3531 693 3579 animo
710 3530 775 3580 GM.
808 3531 829 3579 si
845 3543 916 3579 emm.
926 3529 990 3579 GM.
