2850 4694
426 927 627 1001 Clarissima
641 926 740 1023 igitur
750 927 930 1021 Nogarola
940 923 1079 997 familia¹
1099 923 1132 996 in
1142 925 1229 998 anti·

377 1039 1230 1140 quissimisGalliaeCisalpinaegentibusnobilitate

378 1157 563 1256 insignibus
590 1172 794 1245 numeratur,
813 1180 893 1253 quae
912 1180 978 1228 una
996 1179 1076 1228 cum
1095 1156 1228 1229 Carolo

377 1288 613 1371 cognomento
624 1274 757 1368 Magno
767 1274 978 1369 Imperatore
987 1286 1109 1344 contra
1124 1270 1231 1344 Desi-

377 1389 510 1463 derium
529 1386 836 1485 Longobardorum
856 1412 972 1484 regem
991 1386 1024 1459 in
1043 1385 1171 1460 ltaliam
1185 1410 1230 1460 ex

376 1531 461 1603 agro
494 1503 721 1578 Herminiaco
747 1503 780 1575 in
811 1502 926 1576 Gallia
951 1501 1045 1575 sito²
1072 1500 1231 1598 profecta

375 1618 479 1695 sedes
495 1644 574 1693 suas
592 1618 625 1692 in
646 1644 731 1716 agro
747 1617 939 1692 Veronensi
956 1615 1153 1707 collocavit,
1172 1615 1229 1690 ubi

377 1736 630 1833 Nogarolarum
660 1752 819 1821 castrum,
846 1732 942 1831 quod
970 1756 1061 1806 nunc
1084 1733 1230 1829 Nogaro

376 1850 578 1948 oppidulum
608 1866 672 1939 est,
703 1848 870 1923 condidit.
904 1851 935 1921 Α
969 1873 1041 1945 quo
1071 1863 1230 1944 tempore

377 1992 486 2065 usque
528 1964 573 2040 ad
615 1981 765 2040 nostram
798 1979 935 2038 aetatem
970 1987 1109 2060 semper
1142 1962 1231 2037 inter

376 2082 502 2181 primas
529 2081 620 2156 urbis
641 2083 793 2155 Veronae
810 2078 943 2154 nobiles
962 2078 1105 2153 familias
1122 2079 1230 2152 babe-

376 2199 484 2271 batur.
513 2196 623 2300 Quod
650 2221 718 2270 non
740 2197 849 2269 solum
868 2194 1046 2268 virtutibus
1063 2192 1138 2267 eius
1155 2194 1229 2268 bel·

375 2313 451 2387 licis
471 2313 534 2388 sed
557 2312 664 2410 magis
685 2311 787 2386 etiam
819 2311 850 2384 ei
876 2311 925 2383 rei
952 2309 1109 2400 debetur,
1132 2309 1229 2408 quod

377 2445 504 2526 praeter
531 2429 622 2501 viros
652 2427 732 2501 belli
761 2425 906 2523 gerendi
937 2440 973 2498 et
1002 2424 1051 2498 rei
1078 2424 1230 2521 publicae

375 2541 578 2618 ordinandae
604 2542 827 2640 peritissimos
846 2564 1017 2637 nunquam
1035 2538 1114 2613 viris
1132 2538 1230 2612 semi-

376 2659 499 2757 nisque
541 2659 701 2746 carebat,
736 2656 794 2756 qui
829 2657 949 2731 litteris
991 2654 1228 2755 peregregiam

376 2800 518 2875 operam
538 2790 708 2849 navarent.
1190 2859 1192 2862 Α

425 2895 494 2966 lam
512 2917 595 2966 vero
612 2905 762 2964 exeunte
787 2890 919 2963 saeculo
944 2886 1084 2961 decimo
1105 2900 1229 2983 quarto

375 3011 518 3083 Ioannes
527 3009 727 3103 Nogamtm
746 3008 848 3079 lsotae
862 3001 1121 3102 patruus,quia.
1139 3027 1224 3097 1413

376 3150 397 3198 a
409 3123 552 3198 Venetis
562 3121 766 3221 proditionis
780 3135 961 3194 accusatus
975 3134 1012 3192 et
1024 3116 1136 3192 securi
1151 3141 1230 3217 per·

377 3263 498 3314 cussus
522 3254 586 3328 est,
607 3240 804 3311 Petrarcam
832 3235 979 3308 imitatus
1001 3250 1144 3308 sonetos
1169 3231 1228 3331 qui

376 3371 543 3430 vocantur
568 3354 688 3428 Italico
713 3376 873 3426 sermone
899 3347 1106 3447 composuit.
1138 3350 1230 3421 Inter

376 3472 562 3567 theologos
578 3486 614 3543 et
631 3468 859 3566 philosophos
873 3465 931 3564 qui
945 3465 1076 3540 saeculo
1089 3461 1229 3537 decimo
