2850 4694
820 607 881 660 cui

427 768 524 818 tebello
549 766 584 817 de
600 774 679 830 ponte
696 775 772 830 petre
788 769 893 818 verone
910 767 1028 830 publicus
1053 766 1173 830 imperiali
1189 776 1278 818 aucte

427 849 501 898 ritate
525 848 636 896 notarius
660 861 709 896 una
733 860 791 896 cunr
807 846 988 909 suprascriptis
1013 853 1040 896 ct
1062 847 1226 910 infrascriptis
1242 855 1279 896 te-

426 928 509 978 stibus
523 925 557 976 ad
573 927 657 976 omnia
667 935 694 976 et
704 927 801 990 singula
816 927 839 974 in
857 928 907 975 hoc
923 925 1014 990 pagina
1029 927 1156 988 presentis
1167 927 1278 976 inferiori

426 1008 510 1070 spallo
524 1007 591 1057 iacta
606 1013 727 1056 contenta
744 1014 771 1055 et
783 1007 878 1068 scripts
888 1019 937 1068 per
947 1007 1145 1069 suprascriptum
1159 1008 1192 1054 D.
1207 1007 1279 1055 loha·

427 1101 484 1137 nem
508 1087 626 1136 omnibus
649 1087 720 1136 simui
745 1087 908 1150 presentibus
925 1094 952 1135 et
969 1087 1063 1149 rogatis
1079 1087 1103 1134 in
1120 1086 1174 1148 ipss
1190 1089 1280 1151 pagina

427 1169 451 1217 in
475 1168 533 1230 ipso
558 1174 711 1216 testamento
736 1168 911 1230 suprascripte
939 1168 1050 1216 Domine
1068 1168 1145 1217 Biace
1161 1167 1279 1217 mandsto

427 1261 484 1298 mea
507 1260 581 1296 manu
604 1248 627 1295 in
644 1255 736 1296 testem
752 1260 794 1295 me
810 1247 950 1309 subscripsi
967 1255 993 1295 et
1010 1260 1066 1295 esm
1088 1247 1170 1310 sigillo
1191 1261 1279 1310 supra·

425 1327 512 1390 scripti
524 1327 594 1376 Petri
602 1327 683 1375 notari
700 1325 733 1375 de
751 1326 913 1376 Ponzonibus
930 1328 1041 1376 habente
1057 1336 1130 1375 scutu
1148 1330 1171 1376 in
1183 1329 1279 1377 circulo

425 1407 519 1471 signavi
543 1405 615 1468 quod
638 1405 671 1455 ad
695 1413 810 1456 octavam
836 1421 867 1455 ex
891 1405 1006 1456 cordulis
1022 1408 1201 1469 suprascriptis
1217 1422 1278 1458 cera

426 1487 541 1549 impressi
552 1484 595 1535 dic
612 1494 638 1535 at
655 1486 787 1535 millesimo
803 1487 990 1548 suprascriptis.

473 1567 528 1629 Ego
554 1566 661 1615 lobanes
677 1567 801 1614 Antonius
816 1565 850 1614 dc
867 1567 985 1627 Stopanis
1002 1566 1066 1615 ttius
1083 1566 1133 1614 M!
1154 1568 1276 1616 Bernardi

426 1646 526 1706 Caiiarij
542 1644 577 1694 de
593 1645 687 1695 Sancto
702 1645 767 1694 Ziiio
783 1645 902 1708 publicus
913 1645 1034 1707 imperiali
1045 1646 1196 1695 auctoritate
1208 1656 1277 1696 note-

426 1727 478 1776 rius
494 1740 544 1776 una
560 1740 617 1776 cum
633 1726 813 1789 suprascriptis
829 1735 856 1775 et
873 1727 1035 1790 infrascriptis
1052 1727 1161 1777 testibus
1176 1726 1209 1777 ad
1225 1743 1279 1778 om·

426 1807 467 1856 nia
482 1814 509 1856 ct
524 1807 622 1870 singula
637 1806 661 1854 in
678 1807 728 1855 boc
744 1806 836 1869 pagine
853 1806 979 1868 presentis
995 1805 1107 1856 inferiori
1118 1808 1201 1869 spatio
1212 1808 1278 1856 iacta

426 1894 453 1935 et
475 1893 596 1935 contenta
619 1892 646 1934 ct
669 1886 764 1948 scripta
787 1898 835 1948 per
858 1886 1058 1948 suprascriptum
1084 1886 1141 1934 DF
1159 1888 1278 1935 lolianem

425 1965 543 2015 omnibus
568 1965 641 2014 simul
665 1964 828 2028 presentibus
852 1973 879 2015 et
902 1966 997 2028 rogetis
1022 1966 1046 2014 in
1071 1966 1125 2028 ipsa
1148 1967 1238 2029 pagina
1254 1968 1277 2015 ln

426 2046 483 2107 ipso
504 2052 659 2094 testamento
682 2041 716 2094 Dss
735 2046 830 2095 Biance
845 2043 965 2095 mandam
980 2059 1038 2095 mea
1054 2059 1127 2094 manu
1145 2047 1168 2094 in
1185 2055 1277 2095 testem

426 2138 467 2174 me
483 2123 621 2186 subscripsi
633 2131 659 2173 ct
670 2138 727 2174 eam
743 2125 824 2188 sigillo
840 2125 1005 2188 suprascripti
1022 2125 1124 2174 Martini
1140 2125 1175 2174 de
1193 2126 1276 2174 Catal-

425 2203 466 2253 dis
487 2203 581 2266 signari
606 2201 678 2265 quod
694 2203 727 2252 ad
745 2216 817 2253 unam
835 2217 867 2253 ex
883 2203 996 2254 cordulis
1012 2205 1191 2268 suprascriptis
1207 2205 1276 2254 vide

425 2284 485 2333 iicet
508 2296 599 2333 nonam
623 2295 686 2332 cere
709 2284 825 2346 impressi
840 2283 883 2333 die
900 2291 927 2332 et
943 2284 1074 2333 millesimo
1090 2286 1276 2348 suprascriptis.

473 2363 529 2428 Ego
557 2363 665 2412 lonenes
692 2362 848 2412 Benedictus
871 2363 935 2412 filius
957 2363 1058 2411 Antonii
1082 2362 1117 2412 dc
1144 2365 1220 2413 Maia
1243 2364 1277 2413 de

426 2442 506 2506 Pigra
529 2444 634 2492 verone
657 2443 775 2505 publicus
792 2443 916 2504 imperiali
932 2443 1083 2492 auctoritate
1100 2444 1212 2492 notarius
1230 2459 1278 2493 una

425 2536 483 2573 cum
498 2522 678 2585 suprascriptis
694 2521 803 2572 testibus
813 2521 846 2571 ad
857 2522 941 2572 omnia
952 2530 978 2570 et
989 2521 1086 2586 singula
1095 2522 1118 2570 in
1128 2524 1179 2572 ltoc
1186 2525 1277 2586 pagine

425 2603 552 2665 presentis
574 2602 686 2651 inleriori
707 2602 791 2665 spatio
814 2602 908 2664 scsipta
933 2609 1059 2661 contenta,
1078 2609 1103 2650 et
1120 2603 1214 2665 scripte
1231 2617 1278 2665 per

425 2682 626 2744 suprascriptum
639 2681 759 2731 iobancm
770 2681 887 2730 omnibus
898 2680 1016 2730 omnibus
1031 2681 1103 2730 simul
1114 2682 1277 2744 presentibus

426 2768 453 2810 et
476 2763 572 2825 rogatis
593 2762 618 2810 in
634 2762 689 2825 ipsa
705 2761 796 2825 pagina
811 2761 920 2822 eiusque
936 2768 1090 2810 testamento
1105 2764 1278 2824 suprascripte

427 2840 537 2890 Domine
550 2831 672 2890 'blanche
697 2839 815 2890 mandato
839 2854 896 2889 mes
921 2853 994 2888 manu
1012 2840 1036 2889 in
1053 2848 1144 2889 testem
1161 2855 1202 2889 me
1218 2843 1277 2890 sub

425 2920 524 2984 scripsi,
543 2928 570 2970 et
586 2934 642 2970 eam
658 2920 740 2984 sigillo
756 2934 816 2970 meo
832 2920 939 2982 proprio
956 2919 1066 2968 hebente
1083 2929 1160 2982 caput
1172 2920 1278 2969 bominis

424 3000 520 3050 veteris
535 3000 559 3049 in
575 3000 672 3050 circuio
687 2999 759 3062 quod
770 3013 802 3049 ex
813 3000 922 3049 ultimam
933 3012 965 3048 ex
975 2998 1088 3048 cordulis
1099 3001 1278 3063 suprascriptis

425 3094 488 3131 care
504 3081 628 3144 impressi,
646 3081 690 3131 die
706 3088 733 3131 et
749 3081 882 3130 millesimo
897 3081 1086 3143 suprascriptis.

478 3154 502 3204 ⁸⁴
525 3162 617 3210 lsotam
640 3162 664 3210 in
686 3161 797 3211 ecclesia
818 3161 917 3210 Sanctae
940 3161 1061 3220 ceciliae,
1079 3173 1139 3224 qum
1162 3175 1228 3210 nunc
1253 3163 1276 3208 in

426 3240 529 3296 domum
546 3243 668 3304 privatam
684 3249 780 3291 mutata
805 3248 854 3301 est,
880 3244 1006 3304 sepultam
1029 3254 1088 3291 esse
1106 3239 1276 3302 baudimprm

426 3320 516 3369 babilis
539 3330 579 3370 cst
602 3321 717 3370 Caietsni
741 3323 782 3370 Da
805 3323 846 3371 Re
870 3321 991 3384 suspicio,
1015 3334 1074 3371 cum
1098 3321 1173 3368 lsotas
1197 3328 1277 3367 mater

426 3401 519 3450 Bianea
542 3401 565 3448 in
588 3400 679 3450 eadem
702 3401 814 3451 ecclesia
829 3404 951 3450 tumulum
968 3401 1015 3450 sibi
1032 3400 1180 3463 delegisset.
1206 3401 1277 3448 Alios

424 3492 533 3542 quoque
549 3479 681 3529 exeadcm
699 3480 789 3530 lamilis
804 3481 838 3529 ibi
854 3483 971 3542 sepultos
987 3493 1047 3529 esse
1063 3488 1172 3542 apparet
1184 3494 1215 3528 ex
1228 3482 1276 3528 boc

424 3561 563 3608 Turresani
575 3562 644 3609 loco:
654 3561 844 3610 «vetustissima
852 3560 934 3624 gentis
942 3568 1105 3610 monuments
1112 3560 1277 3610 nobilissima·
