2850 4694
670 559 740 602 LXV!

276 714 366 788 iecta
383 713 527 811 primum
547 712 761 786 Ludovicum
782 714 1014 788 Fuscarenum
1044 741 1130 790 con·

274 829 453 903 sulendum
479 852 557 902 esse
579 828 676 902 duxit
696 853 847 926 eumque
872 829 955 926 quid
982 830 1028 904 de
1054 847 1130 906 toto

275 944 418 1043 negotio
434 944 576 1019 sentiret
593 944 734 1041 rogavit.
755 944 828 1045 Qui
843 945 934 1019 haud
949 962 1130 1022 cunctatus

273 1060 381 1134 libere
398 1085 478 1157 quae
491 1059 633 1134 sentiret
646 1059 801 1158 prolerre
816 1059 1020 1158 improbavit
1032 1063 1129 1160 quod

273 1176 1131 1275 lsotarenuptiascontempsisset‚magnificavisset

272 1291 409 1390 scriptis
425 1291 646 1366 ornatissimis
666 1309 703 1366 et
726 1292 1038 1390 gravissimisque
1059 1295 1086 1368 si
1109 1321 1130 1370 a

272 1408 445 1482 Zenevera
465 1432 596 1498 sorore,
615 1433 695 1506 quae
713 1408 848 1506 nuptias
865 1409 1025 1501 novisset,
1035 1411 1129 1486 edita

272 1541 400 1613 essent,
418 1548 549 1597 summa
565 1523 675 1622 gloria
696 1522 808 1597 efferri
834 1525 1065 1621 opportuisse‚
1092 1545 1128 1602 at

274 1639 499 1714 sanctissimae
533 1639 608 1713 eius
642 1639 722 1714 vitae
757 1639 958 1713 institutioni
989 1640 1127 1717 minime

273 1755 470 1829 convenire.
502 1756 667 1830 Probavit
692 1755 792 1855 igitur
817 1757 908 1830 lsota
934 1756 1127 1854 prudentis·

272 1869 393 1945 simum
427 1870 529 1945 amici
564 1870 743 1945 consilium
783 1870 969 1968 maluitque
1008 1872 1128 1949 litteris

273 1984 410 2059 Antonii
428 1987 588 2083 Cugnani
607 1986 689 2060 licet
706 1986 955 2062 humanissimis
976 2013 1045 2062 non
1073 2015 1127 2065 re·

272 2101 448 2199 spondere
465 2126 567 2199 quam
590 2120 712 2177 contra
734 2103 900 2177 decorem
924 2104 1125 2180 muliebrem

273 2240 432 2316 peccare.

321 2333 432 2433 Quod
462 2358 530 2406 non
565 2333 719 2408 debebat
747 2333 856 2408 vereri
887 2334 919 2408 in
946 2335 1019 2411 aliis
1044 2362 1126 2434 quae

271 2447 398 2522 eodem
431 2474 523 2523 anno
556 2449 692 2547 scripsit
724 2449 899 2548 operibus,
933 2451 1123 2527 orationem

272 2562 354 2637 dico
372 2563 418 2637 de
435 2563 591 2639 laudibus
610 2564 677 2638 divi
700 2565 903 2665 Hieronymi
925 2565 1074 2642 habitam
1088 2586 1125 2642 et

271 2679 464 2776 epistolam,
498 2704 568 2778 qua
600 2706 693 2754 novo
727 2681 904 2781 Episcopo
932 2684 1124 2759 Veronensi

271 2797 438 2893 gratulata
459 2813 522 2870 est.

321 2911 393 2985 Die
410 2912 501 2985 enim
522 2915 564 2985 V.
588 2914 713 2987 mensis
734 2915 948 3012 Septembris
972 2940 1003 2990 a
1034 2937 1119 3018 1453

270 3026 339 3102 vita
368 3027 504 3102 functus
533 3046 586 3104 est
621 3029 825 3105 Franciscus
855 3031 1125 3108 Condulmerius

270 3142 513 3234 Cardinalis‚⁷l
550 3144 608 3242 qui
639 3144 720 3219 inde
745 3147 790 3220 ab
815 3169 845 3220 a.
888 3171 979 3244 ¹439
1012 3149 1124 3222 Vero·

271 3281 412 3331 nensem
450 3259 637 3333 ecclesiam
676 3260 773 3351 rexit,
808 3260 951 3359 eiusque
981 3287 1123 3338 succes-

270 3396 329 3446 sor
374 3372 432 3446 die
472 3376 566 3447 XVl.
607 3375 734 3450 mensis
776 3377 986 3452 Novembris
1032 3368 1123 3454 eius·

269 3486 349 3561 dem
367 3488 446 3562 anni
475 3492 684 3566 Hermolaus
709 3493 879 3568 Barbarus
904 3495 1037 3570 electus
1057 3512 1122 3580 est.
