<?xml version="1.0" encoding="UTF-8"?>
<!DOCTYPE html PUBLIC "-//W3C//DTD XHTML 1.0 Transitional//EN"
    "http://www.w3.org/TR/xhtml1/DTD/xhtml1-transitional.dtd">
<html xmlns="http://www.w3.org/1999/xhtml" xml:lang="en" lang="en">
 <head>
  <title>
</title>
<meta http-equiv="Content-Type" content="text/html;charset=utf-8" />
  <meta name='ocr-system' content='tesseract 3.04.00' />
  <meta name='ocr-capabilities' content='ocr_page ocr_carea ocr_par ocr_line ocrx_word'/>
</head>
<body>
  <div class='ocr_page' id='page_1' title='image "./isotnogarolvero00nogagoog/isotnogarolvero00nogagoog_0033.png"; bbox 0 0 2850 4694; ppageno 0'>
   <div class='ocr_carea' id='block_1_1' title="bbox 662 639 719 688">
    <p class='ocr_par' dir='ltr' id='par_1_1' title="bbox 662 639 719 688">
     <span class='ocr_line' id='line_1_1' title="bbox 662 639 719 688; baseline -0.018 0"><span class='ocrx_word' id='word_1_1' title='bbox 662 639 719 688; x_wconf 84' lang='lat' dir='ltr'>xxt</span> 
     </span>
    </p>
   </div>
   <div class='ocr_carea' id='block_1_2' title="bbox 263 793 1118 3667">
    <p class='ocr_par' dir='ltr' id='par_1_2' title="bbox 263 793 1116 1242">
     <span class='ocr_line' id='line_1_2' title="bbox 266 793 1115 896; baseline 0.002 -28"><span class='ocrx_word' id='word_1_2' title='bbox 266 793 367 870; x_wconf 83' lang='lat' dir='ltr'>neliae</span> <span class='ocrx_word' id='word_1_3' title='bbox 401 796 515 870; x_wconf 88' lang='lat' dir='ltr'>matris</span> <span class='ocrx_word' id='word_1_4' title='bbox 544 796 677 896; x_wconf 88' lang='lat' dir='ltr'>gremio</span> <span class='ocrx_word' id='word_1_5' title='bbox 711 797 837 895; x_wconf 90' lang='lat' dir='ltr'>pariter</span> <span class='ocrx_word' id='word_1_6' title='bbox 874 822 917 872; x_wconf 89' lang='lat' dir='ltr'>ac</span> <span class='ocrx_word' id='word_1_7' title='bbox 954 821 1115 872; x_wconf 88' lang='lat' dir='ltr'>sermone</span> 
     </span>
     <span class='ocr_line' id='line_1_3' title="bbox 264 910 1116 1012; baseline 0 -27"><span class='ocrx_word' id='word_1_8' title='bbox 264 910 431 986; x_wconf 78' lang='lat' dir='ltr'>educatus</span> <span class='ocrx_word' id='word_1_9' title='bbox 443 929 619 1012; x_wconf 79' lang='lat' dir='ltr'><strong>appareat.</strong></span> <span class='ocrx_word' id='word_1_10' title='bbox 635 912 704 986; x_wconf 90' lang='lat' dir='ltr'>Cui</span> <span class='ocrx_word' id='word_1_11' title='bbox 718 937 796 987; x_wconf 91' lang='lat' dir='ltr'>cum</span> <span class='ocrx_word' id='word_1_12' title='bbox 811 912 987 1010; x_wconf 81' lang='lat' dir='ltr'>Georgius</span> <span class='ocrx_word' id='word_1_13' title='bbox 999 937 1116 987; x_wconf 89' lang='lat' dir='ltr'>assen-</span> 
     </span>
     <span class='ocr_line' id='line_1_4' title="bbox 264 1028 1116 1127; baseline 0.001 -26"><span class='ocrx_word' id='word_1_14' title='bbox 264 1052 321 1102; x_wconf 89' lang='lat' dir='ltr'>sus</span> <span class='ocrx_word' id='word_1_15' title='bbox 338 1045 441 1118; x_wconf 86' lang='lat' dir='ltr'>esset,</span> <span class='ocrx_word' id='word_1_16' title='bbox 460 1029 569 1102; x_wconf 90' lang='lat' dir='ltr'>ceteri</span> <span class='ocrx_word' id='word_1_17' title='bbox 583 1053 726 1127; x_wconf 93' lang='lat' dir='ltr'>quoque</span> <span class='ocrx_word' id='word_1_18' title='bbox 740 1028 798 1126; x_wconf 91' lang='lat' dir='ltr'>qui</span> <span class='ocrx_word' id='word_1_19' title='bbox 812 1028 955 1102; x_wconf 88' lang='lat' dir='ltr'>aderant</span> <span class='ocrx_word' id='word_1_20' title='bbox 968 1029 1116 1103; x_wconf 89' lang='lat' dir='ltr'>maximo</span> 
     </span>
     <span class='ocr_line' id='line_1_5' title="bbox 263 1144 850 1242; baseline 0.002 -26"><span class='ocrx_word' id='word_1_21' title='bbox 263 1168 403 1218; x_wconf 90' lang='lat' dir='ltr'>sorores</span> <span class='ocrx_word' id='word_1_22' title='bbox 420 1145 552 1218; x_wconf 85' lang='lat' dir='ltr'>honore</span> <span class='ocrx_word' id='word_1_23' title='bbox 570 1144 745 1242; x_wconf 90' lang='lat' dir='ltr'>prosecuti</span> <span class='ocrx_word' id='word_1_24' title='bbox 763 1161 850 1218; x_wconf 89' lang='lat' dir='ltr'>sunt.</span> 
     </span>
    </p>

    <p class='ocr_par' dir='ltr' id='par_1_3' title="bbox 263 1259 1117 2739">
     <span class='ocr_line' id='line_1_6' title="bbox 313 1259 1116 1357; baseline 0 -25"><span class='ocrx_word' id='word_1_25' title='bbox 313 1260 488 1357; x_wconf 84' lang='lat' dir='ltr'>Georgius</span> <span class='ocrx_word' id='word_1_26' title='bbox 502 1259 604 1333; x_wconf 89' lang='lat' dir='ltr'>etiam</span> <span class='ocrx_word' id='word_1_27' title='bbox 614 1259 764 1356; x_wconf 88' lang='lat' dir='ltr'>alioquin</span> <span class='ocrx_word' id='word_1_28' title='bbox 774 1283 813 1333; x_wconf 90' lang='lat' dir='ltr'>se</span> <span class='ocrx_word' id='word_1_29' title='bbox 823 1260 950 1333; x_wconf 88' lang='lat' dir='ltr'>bonum</span> <span class='ocrx_word' id='word_1_30' title='bbox 961 1284 1116 1333; x_wconf 89' lang='lat' dir='ltr'>sororum</span> 
     </span>
     <span class='ocr_line' id='line_1_7' title="bbox 264 1374 1117 1473; baseline 0 -25"><span class='ocrx_word' id='word_1_31' title='bbox 264 1374 410 1448; x_wconf 89' lang='lat' dir='ltr'>amicum</span> <span class='ocrx_word' id='word_1_32' title='bbox 430 1400 507 1450; x_wconf 90' lang='lat' dir='ltr'>esse</span> <span class='ocrx_word' id='word_1_33' title='bbox 526 1400 595 1448; x_wconf 95' lang='lat' dir='ltr'>non</span> <span class='ocrx_word' id='word_1_34' title='bbox 614 1377 722 1449; x_wconf 92' lang='lat' dir='ltr'>solum</span> <span class='ocrx_word' id='word_1_35' title='bbox 736 1375 860 1466; x_wconf 87' lang='lat' dir='ltr'>verbis,</span> <span class='ocrx_word' id='word_1_36' title='bbox 872 1375 908 1449; x_wconf 86' lang='lat' dir='ltr'>ut</span> <span class='ocrx_word' id='word_1_37' title='bbox 921 1375 1029 1449; x_wconf 89' lang='lat' dir='ltr'>ceteri</span> <span class='ocrx_word' id='word_1_38' title='bbox 1042 1377 1117 1473; x_wconf 90' lang='lat' dir='ltr'>ple·</span> 
     </span>
     <span class='ocr_line' id='line_1_8' title="bbox 264 1487 1115 1589; baseline -0.001 -26"><span class='ocrx_word' id='word_1_39' title='bbox 264 1489 362 1588; x_wconf 92' lang='lat' dir='ltr'>rique</span> <span class='ocrx_word' id='word_1_40' title='bbox 384 1490 442 1589; x_wconf 92' lang='lat' dir='ltr'>qui</span> <span class='ocrx_word' id='word_1_41' title='bbox 460 1514 597 1565; x_wconf 91' lang='lat' dir='ltr'>sorores</span> <span class='ocrx_word' id='word_1_42' title='bbox 614 1487 770 1563; x_wconf 84' lang='lat' dir='ltr'>laudibus</span> <span class='ocrx_word' id='word_1_43' title='bbox 792 1506 920 1564; x_wconf 87' lang='lat' dir='ltr'>tantum</span> <span class='ocrx_word' id='word_1_44' title='bbox 933 1488 978 1564; x_wconf 93' lang='lat' dir='ltr'>ad</span> <span class='ocrx_word' id='word_1_45' title='bbox 992 1492 1115 1564; x_wconf 85' lang='lat' dir='ltr'>caelum</span> 
     </span>
     <span class='ocr_line' id='line_1_9' title="bbox 265 1604 1117 1704; baseline -0.001 -25"><span class='ocrx_word' id='word_1_46' title='bbox 265 1630 375 1703; x_wconf 91' lang='lat' dir='ltr'>usque</span> <span class='ocrx_word' id='word_1_47' title='bbox 401 1606 578 1697; x_wconf 88' lang='lat' dir='ltr'>tollebant,</span> <span class='ocrx_word' id='word_1_48' title='bbox 605 1604 668 1679; x_wconf 89' lang='lat' dir='ltr'>sed</span> <span class='ocrx_word' id='word_1_49' title='bbox 695 1631 731 1679; x_wconf 91' lang='lat' dir='ltr'>re</span> <span class='ocrx_word' id='word_1_50' title='bbox 750 1631 893 1704; x_wconf 90' lang='lat' dir='ltr'>quoque</span> <span class='ocrx_word' id='word_1_51' title='bbox 911 1631 957 1679; x_wconf 92' lang='lat' dir='ltr'>eo</span> <span class='ocrx_word' id='word_1_52' title='bbox 974 1622 1117 1680; x_wconf 89' lang='lat' dir='ltr'>testatus</span> 
     </span>
     <span class='ocr_line' id='line_1_10' title="bbox 263 1720 1116 1818; baseline -0.001 -24"><span class='ocrx_word' id='word_1_53' title='bbox 263 1737 329 1805; x_wconf 85' lang='lat' dir='ltr'>est,</span> <span class='ocrx_word' id='word_1_54' title='bbox 348 1720 443 1818; x_wconf 93' lang='lat' dir='ltr'>quod</span> <span class='ocrx_word' id='word_1_55' title='bbox 461 1721 611 1794; x_wconf 90' lang='lat' dir='ltr'>libellum</span> <span class='ocrx_word' id='word_1_56' title='bbox 626 1721 798 1818; x_wconf 91' lang='lat' dir='ltr'>quendam</span> <span class='ocrx_word' id='word_1_57' title='bbox 813 1721 859 1794; x_wconf 91' lang='lat' dir='ltr'>de</span> <span class='ocrx_word' id='word_1_58' title='bbox 873 1721 1010 1795; x_wconf 89' lang='lat' dir='ltr'>transitu</span> <span class='ocrx_word' id='word_1_59' title='bbox 1025 1721 1116 1795; x_wconf 90' lang='lat' dir='ltr'>beati</span> 
     </span>
     <span class='ocr_line' id='line_1_11' title="bbox 268 1835 1115 1935; baseline 0.001 -27"><span class='ocrx_word' id='word_1_60' title='bbox 268 1835 482 1935; x_wconf 84' lang='lat' dir='ltr'>Hieronymi,</span> <span class='ocrx_word' id='word_1_61' title='bbox 501 1861 604 1933; x_wconf 92' lang='lat' dir='ltr'>quem</span> <span class='ocrx_word' id='word_1_62' title='bbox 625 1836 795 1911; x_wconf 77' lang='lat' dir='ltr'>Bononiae</span> <span class='ocrx_word' id='word_1_63' title='bbox 807 1861 829 1910; x_wconf 93' lang='lat' dir='ltr'>a</span> <span class='ocrx_word' id='word_1_64' title='bbox 842 1836 951 1911; x_wconf 92' lang='lat' dir='ltr'>docto</span> <span class='ocrx_word' id='word_1_65' title='bbox 964 1835 1115 1935; x_wconf 92' lang='lat' dir='ltr'>quodam</span> 
     </span>
     <span class='ocr_line' id='line_1_12' title="bbox 265 1950 1117 2049; baseline 0.004 -25"><span class='ocrx_word' id='word_1_66' title='bbox 265 1954 438 2026; x_wconf 91' lang='lat' dir='ltr'>monacho</span> <span class='ocrx_word' id='word_1_67' title='bbox 464 1950 561 2025; x_wconf 93' lang='lat' dir='ltr'>dono</span> <span class='ocrx_word' id='word_1_68' title='bbox 587 1970 775 2049; x_wconf 87' lang='lat' dir='ltr'>acceperat</span> <span class='ocrx_word' id='word_1_69' title='bbox 808 1953 983 2027; x_wconf 91' lang='lat' dir='ltr'>sororibus</span> <span class='ocrx_word' id='word_1_70' title='bbox 1015 1955 1117 2027; x_wconf 93' lang='lat' dir='ltr'>obtu-</span> 
     </span>
     <span class='ocr_line' id='line_1_13' title="bbox 264 2066 1117 2166; baseline 0.004 -27"><span class='ocrx_word' id='word_1_71' title='bbox 264 2066 312 2156; x_wconf 86' lang='lat' dir='ltr'>lit,</span> <span class='ocrx_word' id='word_1_72' title='bbox 330 2066 364 2139; x_wconf 94' lang='lat' dir='ltr'>in</span> <span class='ocrx_word' id='word_1_73' title='bbox 391 2092 462 2164; x_wconf 92' lang='lat' dir='ltr'>quo</span> <span class='ocrx_word' id='word_1_74' title='bbox 488 2091 534 2140; x_wconf 90' lang='lat' dir='ltr'>eo</span> <span class='ocrx_word' id='word_1_75' title='bbox 560 2067 667 2164; x_wconf 88' lang='lat' dir='ltr'>magis</span> <span class='ocrx_word' id='word_1_76' title='bbox 692 2066 881 2142; x_wconf 89' lang='lat' dir='ltr'>laudandus</span> <span class='ocrx_word' id='word_1_77' title='bbox 911 2086 995 2159; x_wconf 90' lang='lat' dir='ltr'>erat,</span> <span class='ocrx_word' id='word_1_78' title='bbox 1021 2067 1117 2166; x_wconf 94' lang='lat' dir='ltr'>quod</span> 
     </span>
     <span class='ocr_line' id='line_1_14' title="bbox 264 2181 1117 2281; baseline 0.004 -26"><span class='ocrx_word' id='word_1_79' title='bbox 264 2198 481 2280; x_wconf 83' lang='lat' dir='ltr'>quantopere</span> <span class='ocrx_word' id='word_1_80' title='bbox 516 2182 608 2256; x_wconf 90' lang='lat' dir='ltr'>beati</span> <span class='ocrx_word' id='word_1_81' title='bbox 637 2181 839 2281; x_wconf 87' lang='lat' dir='ltr'>Hieronymi</span> <span class='ocrx_word' id='word_1_82' title='bbox 860 2183 1029 2281; x_wconf 73' lang='lat' dir='ltr'>‘operibus</span> <span class='ocrx_word' id='word_1_83' title='bbox 1055 2183 1117 2258; x_wconf 91' lang='lat' dir='ltr'>de-</span> 
     </span>
     <span class='ocr_line' id='line_1_15' title="bbox 264 2297 1115 2396; baseline 0.002 -27"><span class='ocrx_word' id='word_1_84' title='bbox 264 2298 449 2371; x_wconf 84' lang='lat' dir='ltr'>lectaretur</span> <span class='ocrx_word' id='word_1_85' title='bbox 485 2297 661 2371; x_wconf 90' lang='lat' dir='ltr'>sororibus</span> <span class='ocrx_word' id='word_1_86' title='bbox 699 2323 841 2396; x_wconf 87' lang='lat' dir='ltr'>quoque</span> <span class='ocrx_word' id='word_1_87' title='bbox 876 2316 993 2372; x_wconf 94' lang='lat' dir='ltr'>notum</span> <span class='ocrx_word' id='word_1_88' title='bbox 1032 2316 1115 2373; x_wconf 88' lang='lat' dir='ltr'>erat.</span> 
     </span>
     <span class='ocr_line' id='line_1_16' title="bbox 266 2413 1116 2512; baseline 0.004 -27"><span class='ocrx_word' id='word_1_89' title='bbox 266 2413 395 2509; x_wconf 90' lang='lat' dir='ltr'>Neque</span> <span class='ocrx_word' id='word_1_90' title='bbox 421 2415 511 2486; x_wconf 87' lang='lat' dir='ltr'>lsota</span> <span class='ocrx_word' id='word_1_91' title='bbox 538 2413 688 2510; x_wconf 84' lang='lat' dir='ltr'>neglexit</span> <span class='ocrx_word' id='word_1_92' title='bbox 709 2413 741 2487; x_wconf 93' lang='lat' dir='ltr'>ei</span> <span class='ocrx_word' id='word_1_93' title='bbox 765 2438 829 2512; x_wconf 94' lang='lat' dir='ltr'>pro</span> <span class='ocrx_word' id='word_1_94' title='bbox 845 2413 1034 2512; x_wconf 89' lang='lat' dir='ltr'>gratissima</span> <span class='ocrx_word' id='word_1_95' title='bbox 1051 2416 1116 2488; x_wconf 89' lang='lat' dir='ltr'>hac</span> 
     </span>
     <span class='ocr_line' id='line_1_17' title="bbox 266 2528 1117 2629; baseline 0.002 -29"><span class='ocrx_word' id='word_1_96' title='bbox 266 2528 363 2601; x_wconf 88' lang='lat' dir='ltr'>inse</span> <span class='ocrx_word' id='word_1_97' title='bbox 389 2528 570 2602; x_wconf 89' lang='lat' dir='ltr'>voluntatis</span> <span class='ocrx_word' id='word_1_98' title='bbox 597 2528 847 2626; x_wconf 86' lang='lat' dir='ltr'>significatione</span> <span class='ocrx_word' id='word_1_99' title='bbox 872 2530 996 2628; x_wconf 89' lang='lat' dir='ltr'>gratias</span> <span class='ocrx_word' id='word_1_100' title='bbox 1013 2555 1117 2629; x_wconf 88' lang='lat' dir='ltr'>agere</span> 
     </span>
     <span class='ocr_line' id='line_1_18' title="bbox 265 2640 801 2739; baseline 0.004 -24"><span class='ocrx_word' id='word_1_101' title='bbox 265 2666 367 2739; x_wconf 91' lang='lat' dir='ltr'>quam</span> <span class='ocrx_word' id='word_1_102' title='bbox 386 2643 558 2717; x_wconf 85' lang='lat' dir='ltr'>maximas.</span> <span class='ocrx_word' id='word_1_103' title='bbox 572 2643 600 2702; x_wconf 75' lang='lat'>³⁶</span> <span class='ocrx_word' id='word_1_104' title='bbox 799 2640 801 2643; x_wconf 66' lang='grc'>’</span> 
     </span>
    </p>

    <p class='ocr_par' dir='ltr' id='par_1_4' title="bbox 265 2758 1118 3667">
     <span class='ocr_line' id='line_1_19' title="bbox 314 2758 1118 2833; baseline 0.004 -3"><span class='ocrx_word' id='word_1_105' title='bbox 314 2758 451 2831; x_wconf 89' lang='lat' dir='ltr'>Interim</span> <span class='ocrx_word' id='word_1_106' title='bbox 474 2758 648 2833; x_wconf 89' lang='lat' dir='ltr'>sororibus</span> <span class='ocrx_word' id='word_1_107' title='bbox 673 2759 816 2833; x_wconf 88' lang='lat' dir='ltr'>occasio</span> <span class='ocrx_word' id='word_1_108' title='bbox 842 2758 924 2833; x_wconf 90' lang='lat' dir='ltr'>data</span> <span class='ocrx_word' id='word_1_109' title='bbox 941 2776 995 2833; x_wconf 90' lang='lat' dir='ltr'>est</span> <span class='ocrx_word' id='word_1_110' title='bbox 1013 2785 1118 2833; x_wconf 89' lang='lat' dir='ltr'>novas</span> 
     </span>
     <span class='ocr_line' id='line_1_20' title="bbox 265 2873 1115 2949; baseline 0.002 -3"><span class='ocrx_word' id='word_1_111' title='bbox 265 2873 414 2947; x_wconf 87' lang='lat' dir='ltr'>virorum</span> <span class='ocrx_word' id='word_1_112' title='bbox 432 2873 615 2948; x_wconf 91' lang='lat' dir='ltr'>doctorum</span> <span class='ocrx_word' id='word_1_113' title='bbox 633 2875 799 2948; x_wconf 87' lang='lat' dir='ltr'>amicitias</span> <span class='ocrx_word' id='word_1_114' title='bbox 816 2875 879 2949; x_wconf 92' lang='lat' dir='ltr'>sibi</span> <span class='ocrx_word' id='word_1_115' title='bbox 897 2875 1115 2949; x_wconf 89' lang='lat' dir='ltr'>conciliandi.</span> 
     </span>
     <span class='ocr_line' id='line_1_21' title="bbox 266 2990 1117 3088; baseline 0.002 -26"><span class='ocrx_word' id='word_1_116' title='bbox 266 2990 753 3088; x_wconf 89' lang='lat' dir='ltr'>lamsupravidimuseascum</span> <span class='ocrx_word' id='word_1_117' title='bbox 765 2991 796 3064; x_wconf 89' lang='lat' dir='ltr'>in</span> <span class='ocrx_word' id='word_1_118' title='bbox 808 2991 1117 3065; x_wconf 87' lang='lat' dir='ltr'>litterarumstudio</span> 
     </span>
     <span class='ocr_line' id='line_1_22' title="bbox 266 3104 1118 3204; baseline 0.001 -27"><span class='ocrx_word' id='word_1_119' title='bbox 266 3104 321 3178; x_wconf 86' lang='lat' dir='ltr'>vix</span> <span class='ocrx_word' id='word_1_120' title='bbox 350 3105 538 3204; x_wconf 91' lang='lat' dir='ltr'>quidquam</span> <span class='ocrx_word' id='word_1_121' title='bbox 574 3107 803 3204; x_wconf 84' lang='lat' dir='ltr'>profecissent</span> <span class='ocrx_word' id='word_1_122' title='bbox 836 3105 1010 3180; x_wconf 73' lang='lat' dir='ltr'>Francuco</span> <span class='ocrx_word' id='word_1_123' title='bbox 1035 3112 1118 3180; x_wconf 86' lang='lat' dir='ltr'>Bor-</span> 
     </span>
     <span class='ocr_line' id='line_1_23' title="bbox 266 3220 1118 3320; baseline 0.004 -26"><span class='ocrx_word' id='word_1_124' title='bbox 266 3220 348 3295; x_wconf 85' lang='lat' dir='ltr'>baro</span> <span class='ocrx_word' id='word_1_125' title='bbox 382 3221 526 3320; x_wconf 88' lang='lat' dir='ltr'>principi</span> <span class='ocrx_word' id='word_1_126' title='bbox 557 3222 645 3297; x_wconf 86' lang='lat' dir='ltr'>inter</span> <span class='ocrx_word' id='word_1_127' title='bbox 673 3226 828 3297; x_wconf 88' lang='lat' dir='ltr'>Venetos</span> <span class='ocrx_word' id='word_1_128' title='bbox 858 3223 977 3297; x_wconf 87' lang='lat' dir='ltr'>litteris</span> <span class='ocrx_word' id='word_1_129' title='bbox 1006 3225 1118 3297; x_wconf 90' lang='lat' dir='ltr'>claros</span> 
     </span>
     <span class='ocr_line' id='line_1_24' title="bbox 266 3336 1118 3437; baseline 0.001 -28"><span class='ocrx_word' id='word_1_130' title='bbox 266 3336 339 3410; x_wconf 89' lang='lat' dir='ltr'>viro</span> <span class='ocrx_word' id='word_1_131' title='bbox 374 3337 537 3435; x_wconf 91' lang='lat' dir='ltr'>epistolas</span> <span class='ocrx_word' id='word_1_132' title='bbox 562 3338 739 3437; x_wconf 88' lang='lat' dir='ltr'>scripsisse</span> <span class='ocrx_word' id='word_1_133' title='bbox 769 3338 974 3435; x_wconf 87' lang='lat' dir='ltr'>eisdemque</span> <span class='ocrx_word' id='word_1_134' title='bbox 1003 3339 1118 3412; x_wconf 91' lang='lat' dir='ltr'>subito</span> 
     </span>
     <span class='ocr_line' id='line_1_25' title="bbox 266 3451 1115 3528; baseline 0.002 -4"><span class='ocrx_word' id='word_1_135' title='bbox 266 3451 412 3526; x_wconf 91' lang='lat' dir='ltr'>virorum</span> <span class='ocrx_word' id='word_1_136' title='bbox 440 3451 622 3525; x_wconf 90' lang='lat' dir='ltr'>doctorum</span> <span class='ocrx_word' id='word_1_137' title='bbox 647 3455 770 3526; x_wconf 91' lang='lat' dir='ltr'>oculos</span> <span class='ocrx_word' id='word_1_138' title='bbox 789 3453 821 3524; x_wconf 91' lang='lat' dir='ltr'>in</span> <span class='ocrx_word' id='word_1_139' title='bbox 839 3477 878 3526; x_wconf 89' lang='lat' dir='ltr'>se</span> <span class='ocrx_word' id='word_1_140' title='bbox 895 3454 1115 3528; x_wconf 87' lang='lat' dir='ltr'>convertisse.</span> 
     </span>
     <span class='ocr_line' id='line_1_26' title="bbox 268 3566 1118 3667; baseline 0.004 -27"><span class='ocrx_word' id='word_1_141' title='bbox 268 3568 369 3667; x_wconf 86' lang='lat' dir='ltr'>Quas</span> <span class='ocrx_word' id='word_1_142' title='bbox 394 3593 474 3641; x_wconf 94' lang='lat' dir='ltr'>num</span> <span class='ocrx_word' id='word_1_143' title='bbox 494 3569 522 3640; x_wconf 85' lang='lat' dir='ltr'>F</span> <span class='ocrx_word' id='word_1_144' title='bbox 524 3567 698 3642; x_wconf 85' lang='lat' dir='ltr'>ranciscus</span> <span class='ocrx_word' id='word_1_145' title='bbox 716 3569 886 3642; x_wconf 87' lang='lat' dir='ltr'>Barbarus</span> <span class='ocrx_word' id='word_1_146' title='bbox 903 3566 1024 3666; x_wconf 90' lang='lat' dir='ltr'>dignas</span> <span class='ocrx_word' id='word_1_147' title='bbox 1040 3593 1118 3642; x_wconf 89' lang='lat' dir='ltr'>esse</span> 
     </span>
    </p>
   </div>
   <div class='ocr_carea' id='block_1_3' title="bbox 0 0 1434 4694">
    <p class='ocr_par' dir='ltr' id='par_1_5' title="bbox 0 0 1434 4694">
     <span class='ocr_line' id='line_1_27' title="bbox 0 0 1434 4694; baseline 0 0"><span class='ocrx_word' id='word_1_148' title='bbox 0 0 1434 4694; x_wconf 95' lang='lat' dir='ltr'> </span> 
     </span>
    </p>
   </div>
  </div>
 </body>
</html>
