2850 4694
550 613 583 678 ²3

142 765 256 860 nione,
286 785 468 859 sustentor,
495 785 531 843 et
560 771 696 844 labores
723 795 831 862 meos,
857 770 884 844 si
902 795 991 868 quos

143 909 302 982 umquam
327 883 514 981 aliquando
540 883 750 982 consumpsi,
776 884 917 983 vigilias,
935 885 991 959 sri-

141 1026 237 1099 gora‚
263 1016 379 1091 aestus,
418 999 565 1074 inediam
591 1019 628 1074 et
657 1001 807 1098 reliquos
832 1025 991 1099 angores,

144 1133 179 1187 ut
212 1115 396 1188 litterarum
430 1115 548 1190 studiis
581 1116 712 1189 enixius
746 1116 992 1209 incumberem‚

143 1248 315 1328 tamquam
346 1255 436 1305 nunc
466 1231 546 1305 mihi
578 1231 787 1329 gratissimos
820 1231 994 1306 sustulisse
1025 1258 1036 1311 t

143 1346 441 1444 voluptuosissime
458 1346 606 1445 gaudem
625 1350 661 1420 ln
680 1347 732 1421 his
749 1349 818 1421 hoc
836 1365 994 1446 tempore

144 1487 212 1561 ego
230 1462 412 1561 triumpho,
430 1489 474 1536 ex
492 1464 615 1561 quibus
625 1481 752 1537 tantum
771 1464 916 1537 fructum
934 1488 995 1537 ex·

145 1579 269 1675 cerpsi,
288 1596 325 1651 ut
340 1578 516 1653 sententiis
532 1578 652 1652 vestris
674 1578 860 1677 gloriosum
878 1578 995 1653 diserti

146 1719 271 1768 nomen
289 1693 435 1792 adeptus
456 1695 543 1768 inter
568 1695 814 1769 celeberrimos
830 1695 921 1769 viros
939 1720 994 1769 me

146 1812 291 1907 palmam
334 1809 500 1908 insignem
539 1827 764 1885 consecutum
803 1810 884 1884 mihi
918 1835 995 1908 per-
1011 1838 1041 1875 10

145 1925 318 2000 suadeam.
333 1928 406 2000 Vos
424 1926 524 2024 igitur
536 1928 660 2017 ambae,
678 1925 840 2023 quoniam
853 1951 898 1999 ex
911 1950 994 2000 sexu

146 2058 260 2115 vestro
287 2058 459 2138 tamquam
485 2039 720 2115 nitidissimum
746 2042 860 2113 lumen
886 2042 996 2138 pollu-

147 2157 233 2230 cetis
251 2174 287 2230 et
303 2157 512 2254 eloquentiae
526 2158 623 2231 orbae
636 2157 733 2254 quasi
747 2157 886 2231 tutrices
899 2182 998 2231 rena·

147 2289 193 2346 tae
209 2271 302 2362 estis,
328 2271 440 2346 studia
465 2274 543 2346 haec
562 2272 786 2359 humanitatis,
814 2288 850 2347 ut
875 2271 997 2363 facitis,

149 2410 274 2484 magno
291 2387 405 2460 animo
418 2387 658 2484 amplexamini
675 2406 712 2460 et
727 2411 771 2461 ea
787 2388 881 2462 domi
899 2405 998 2485 septa
1014 2415 1040 2468 ις

149 2502 279 2576 liberali
297 2503 455 2577 custodia
471 2503 624 2591 servetis,
641 2520 676 2575 ut
688 2503 838 2577 adultam
852 2520 888 2576 et
901 2503 999 2578 vobis

150 2617 363 2691 consimilem
389 2618 552 2716 virginem
583 2618 761 2708 tueamini3
794 2624 1026 2693 armatorum

151 2733 308 2830 impetus,
326 2735 396 2806 hoc
412 2751 465 2807 est
491 2733 629 2807 lucosas
654 2733 835 2807 illecebras
851 2749 888 2807 et
904 2751 1001 2811 cete-

197 2934 233 3001 (2)
256 2948 334 2997 unqu.
365 2936 391 2983 V.
434 2935 573 2996 aliquando
598 2948 669 2985 emm.
696 2936 760 2985 GM.
807 2936 935 2986 consumsi
966 2935 1000 2985 G.

152 3014 186 3080 (3)
203 3015 312 3066 mediam
329 3014 359 3074 C,
378 3015 475 3065 medias
494 3017 531 3064 Μ.
565 3028 597 3064 ac
619 3017 646 3064 V.
681 3013 863 3078 (sltumquaml
882 3028 958 3077 quam
967 3015 1000 3075 G,

153 3094 224 3156 quod
241 3096 279 3145 Μ.
314 3094 527 3158 gratissemo
562 3094 642 3143 subst.
663 3095 727 3143 GM.
761 3096 793 3158 (ό.
810 3093 835 3156 7)
853 3095 876 3142 in
893 3094 1002 3156 hilsego

155 3179 267 3243 boclam.
279 3177 368 3240 temp.)
386 3178 418 3226 G.
453 3177 648 3240 (elnomlneM.
682 3176 793 3239 adeptos
810 3177 839 3225 G
875 3176 924 3239 (υ)
941 3175 1004 3225 indi-

153 3259 206 3307 tiss.
218 3258 248 3318 C,
260 3258 399 3307 nidltissimi
408 3258 472 3307 GM.
504 3257 682 3320 prelucetisC‚
701 3259 816 3319 pellucet
830 3258 857 3304 V.
876 3256 926 3319 (13)
937 3256 1003 3306 orbe

154 3338 221 3388 codd.
256 3347 382 3399 tamquam
407 3338 444 3387 M.
497 3338 603 3386 trutices
627 3338 657 3386 C.
703 3335 1001 3399 (15)exemplaminiC,

155 3420 290 3481 amplexari
309 3419 371 3469 GM.
407 3417 457 3480 (16)
474 3418 591 3467 servietis
606 3419 638 3467 G.
674 3417 723 3482 (17)
741 3418 870 3478 tueamini!
885 3414 1004 3465 tulanimi

156 3499 188 3555 G.
211 3512 258 3547 om.
283 3498 313 3548 C.
348 3496 397 3558 (ιθ)
423 3499 524 3559 ineptus
542 3497 630 3546 CGM.
665 3504 703 3545 est
718 3511 764 3545 om.
784 3497 817 3546 G.
851 3497 954 3545 lucustis
969 3496 1003 3557 G,

156 3576 269 3627 luscosas
285 3578 322 3626 Μ.
