2850 4694
495 925 659 997 XXXlll.

326 1234 458 1295 (venetiis,
472 1247 559 1284 mense
577 1234 731 1284 Ianuariae.
753 1235 832 1296 1439.)

154 1514 243 1586 isola
277 1510 446 1609 Nogarola
475 1510 569 1585 docto
599 1510 665 1584 viro
693 1511 865 1586 Damiano
898 1516 1005 1611 Burgu

494 1628 527 1700 S.
555 1629 593 1700 P.
612 1631 661 1700 D.

155 1917 462 2269 &nunno
471 1937 611 2036 deoque
621 1938 822 2037 agogratias
832 1938 1003 2038 ingenium
1035 1981 1045 2032 t

360 2080 472 2128 meum
491 2079 512 2129 a
530 2072 564 2128 te
586 2054 669 2129 tanti
687 2054 772 2146 fieri,
791 2072 827 2129 ut
843 2055 905 2130 sim
923 2081 1004 2154 quae

359 2170 479 2268 dignas
506 2169 625 2244 laudes
655 2171 721 2244 tuis
745 2171 1004 2269 elegantissimis

155 2286 448 2385 ornatissimisque
461 2285 596 2384 scriptis
610 2286 759 2361 tribuere
773 2288 913 2385 possim,
923 2312 1004 2385 quae

155 2401 315 2499 quotiens
341 2404 421 2500 lego
447 2403 639 2494 Salustium,
671 2402 813 2493 Livium,
843 2402 1004 2479 Iustinum

155 2518 272 2615 legere
290 2517 369 2591 mihi
387 2517 518 2607 videor,
537 2517 584 2591 ita
600 2520 816 2615 eloquenter,
835 2518 880 2592 ita
897 2517 1005 2593 docte
1021 2559 1051 2596 ιο

155 2656 198 2706 ea
205 2649 304 2730 gesta
313 2631 538 2708 Brixiensium
551 2647 588 2708 et
604 2657 697 2708 saeva
714 2634 804 2707 bella
821 2632 1005 2734 descripsi-

153 2749 206 2822 sti.
223 2750 265 2822 Et
273 2748 446 2846 sapienter
454 2748 615 2847 profecto
624 2748 779 2823 Andreas
795 2750 1004 2849 Mocenigus

155 2864 190 2938 id
206 2863 321 2939 oneris
334 2864 395 2938 tibi
404 2864 536 2954 detulit,
547 2864 708 2963 quoniam
722 2865 955 2963 eloquentiam
968 2882 1006 2940 et

153 2979 355 3079 sapientiam
382 2995 472 3055 tuam
498 2997 626 3055 tantam
655 3005 734 3056 esse
762 2981 938 3080 cognovit,
969 2997 1005 3055 ut

202 3261 236 3325 (3)
254 3261 385 3325 Nugarola
406 3262 438 3310 R.
472 3261 552 3311 docto
567 3262 623 3311 uiro
638 3275 685 3311 om.
702 3265 730 3312 A.
765 3262 798 3325 (4)
816 3263 845 3312 Ρ.
863 3264 1002 3312 ῐ).·οιιι.Α.

155 3344 189 3408 (6)
213 3350 308 3392 tantum
332 3342 347 3389 l.
374 3351 401 3391 ut
422 3355 441 3390 ι.
476 3355 554 3404 quem
582 3343 613 3392 R.
647 3342 682 3404 (7)
701 3343 893 3407 elegantissimis
909 3357 955 3392 ont
973 3346 1002 3392 A.

154 3422 189 3485 (8)
200 3422 296 3472 ornatis
311 3425 340 3471 A.
359 3421 393 3485 (9)
410 3421 535 3484 quociens
552 3423 583 3472 R.
601 3422 652 3487 (ιο)
668 3423 770 3473 uidetur
786 3424 818 3474 R.
836 3423 887 3488 (ιι)
898 3424 1004 3473 brisien-

153 3503 218 3551 sium
235 3503 266 3551 R.
300 3512 326 3550 et
343 3515 390 3552 οιιι.
413 3505 441 3551 Λ.
482 3501 532 3564 (ιι)
557 3502 587 3551 Et
603 3517 649 3552 om.
668 3504 699 3553 R.
736 3504 885 3567 Monenigus
900 3507 929 3563 Α,
950 3505 1004 3553 lno-

153 3583 259 3645 cenigus
276 3584 307 3632 R.
342 3584 391 3648 (η)
410 3583 518 3633 idoneus
534 3584 579 3633 tibi
591 3586 623 3634 R.
