2850 4694
873 620 928 663 110

468 771 545 844 tatis
582 771 701 846 studiis
734 773 989 871 excellentique
1022 773 1191 849 doctrinae
1230 777 1323 850 nulla

468 910 606 984 prorsus
631 888 764 962 ratione
789 913 932 987 operam
959 889 1160 988 impendere
1176 891 1321 965 arbitra·

468 1002 537 1076 bar.
558 1002 668 1103 Quod
686 1027 764 1077 cum
783 1004 830 1078 ita
845 1003 898 1094 sit,
917 1030 987 1079 non
1005 1028 1123 1102 parum
1150 1005 1318 1081 hactenus

467 1141 522 1190 me
551 1116 716 1215 opinione
743 1143 820 1192 mea
836 1119 1027 1193 frustratum
1054 1119 1158 1194 luisse
1184 1121 1319 1218 perspi·

440 1230 533 1312 scio.
562 1233 707 1331 Quippe
733 1258 789 1307 me
806 1233 943 1308 minime
965 1236 1058 1323 latet,
1084 1251 1213 1333 quanta
1230 1234 1319 1309 doc·

465 1347 552 1421 trina
580 1365 800 1447 praeceptore
826 1350 979 1423 Martino
1008 1350 1082 1423 viro
1112 1349 1319 1447 peritissimo

463 1487 525 1538 vos
538 1465 656 1538 ambas
669 1465 932 1540 cumulatissime
945 1465 1200 1555 decoraveritis,
1219 1467 1318 1564 quod

463 1578 529 1651 hac
549 1577 712 1676 profecto
735 1596 839 1654 aetate
865 1580 1031 1678 phoenice
1058 1580 1162 1655 rarius
1192 1582 1316 1669 extitit,

462 1692 495 1766 in
513 1718 582 1790 qua
598 1694 748 1769 omnium
767 1720 869 1793 paene
887 1698 1051 1770 malorum
1065 1722 1204 1795 genera,
1215 1699 1315 1795 quasi

417 1839 446 1875 10
461 1807 494 1882 in
513 1810 687 1907 proprium
713 1810 922 1884 domicilium
945 1813 1173 1910 pervenerint,
1193 1815 1315 1887 totavi

460 1924 687 2000 dominantur.
715 1928 800 2027 Qua
824 1951 868 2000 ex
882 1952 919 2001 re
934 1927 1013 2000 mihi
1035 1953 1081 2002 eo
1101 1946 1244 2028 stupore
1261 1929 1316 2004 di·

458 2040 557 2139 gnius
570 2040 713 2129 videtur,
728 2067 800 2139 quo
812 2043 888 2116 sola
904 2043 986 2117 boni
1000 2044 1101 2116 animi
1116 2046 1314 2140 prestantia

459 2154 546 2230 inter
563 2173 615 2230 tot
630 2159 800 2232 scelerum
826 2161 998 2255 procellas
1024 2177 1172 2236 mentem
1204 2178 1312 2259 atque

458 2296 599 2369 operam
626 2273 745 2348 litteris
763 2274 933 2372 bonisque
955 2276 1105 2351 moribus
1122 2278 1311 2351 accuratis·

415 2416 439 2465 ιε
456 2387 541 2462 sime
558 2387 790 2465 adhibueritis.
823 2391 1004 2492 Quocirca
1029 2417 1091 2466 vos
1109 2393 1220 2490 primo
1237 2396 1312 2468 lau·

456 2503 613 2578 datorum
621 2530 751 2602 genere
762 2506 884 2580 merito
901 2507 993 2605 apud
1014 2507 1207 2582 Hesiodum
1224 2532 1310 2584 sane

455 2643 533 2694 esse
558 2620 724 2696 locandas
749 2623 818 2696 hoc
836 2647 915 2696 meo
942 2622 1116 2713 iudiciolo‚
1142 2623 1239 2721 quod
1257 2642 1308 2699 ta-

456 2760 533 2810 men
552 2738 618 2812 hac
636 2735 668 2810 in
686 2762 724 2812 re
742 2738 923 2811 maximum
942 2756 1037 2836 puto,
1063 2740 1218 2838 prolerre
1237 2767 1307 2816 non

455 2852 633 2927 haesitabo.
669 2856 764 2956 Quae
794 2854 934 2951 quidem
961 2855 1080 2946 credo,
1099 2857 1203 2931 immo
1220 2883 1307 2934 vero

499 3020 534 3086 (ι)
551 3022 755 3084 excellentiaque
766 3024 800 3082 G,
818 3023 1020 3086 excellentisque
1039 3025 1066 3072 V.
1095 3023 1130 3088 (4)
1147 3038 1188 3073 me
1203 3038 1250 3074 om.
1271 3027 1302 3077 C

453 3115 510 3152 mea
525 3116 569 3164 op.
588 3102 618 3153 G
660 3102 792 3152 frustatum
812 3103 839 3152 V.
874 3103 993 3167 percipio
1017 3105 1051 3153 G.
1095 3103 1130 3169 (ς)
1154 3105 1255 3155 minime
1274 3107 1302 3155 V.

452 3179 486 3245 (6)
503 3196 582 3245 proc.
600 3196 646 3232 om.
666 3183 695 3233 C
735 3182 770 3248 (7)
794 3182 982 3234 decoramentis
998 3184 1046 3234 &c
1066 3185 1103 3242 Μ,
1131 3184 1157 3234 in
1183 3198 1230 3249 quo
1244 3184 1308 3237 aaut

451 3260 521 3312 ellam
536 3261 561 3311 in
578 3264 604 3313 G
629 3261 718 3327 reliquo
733 3264 818 3314 derunt
832 3278 905 3329 usqua
927 3265 962 3315 ad
977 3267 1096 3314 Vestrum
1117 3266 1193 3329 igitur
1209 3266 1258 3316 erit
1275 3281 1302 3329 p.

454 3353 546 3404 115,7.
581 3343 827 3407 (olpeneomn.c
862 3347 942 3410 gratie
961 3347 988 3394 V.
1023 3345 1228 3410 (utendec
1263 3348 1302 3410 re]

452 3422 569 3483 requod
590 3425 617 3471 V.
652 3424 700 3485 (11.
719 3426 757 3487 12)
774 3424 865 3488 dignus
881 3434 968 3476 vester
982 3440 1035 3487 quo
1056 3428 1083 3475 V.
1118 3425 1168 3490 (12)
1185 3427 1302 3477 bonae

451 3500 502 3566 (ις)
517 3516 619 3553 rosam.
633 3505 660 3552 V.
695 3503 912 3567 (rolyslodumC,
926 3506 1052 3555 hisiodum
1064 3508 1092 3555 V.
1126 3508 1301 3559 sanesenec

450 3579 501 3646 (18)
518 3583 623 3632 maxim
644 3584 672 3633 V.
706 3584 913 3648 (rolexiuboc
947 3587 998 3636 imo
1015 3588 1043 3635 V.
