2850 4694
562 614 610 670 ¹4¹

158 764 252 837 vidit.
286 766 359 861 Ego
389 789 472 837 vero
502 790 580 838 cum
612 765 763 838 viderem
795 766 826 838 in
854 768 923 839 hoc
942 792 1009 839 non

158 883 267 953 solum
300 880 424 977 ingenii
457 880 522 953 mei
553 905 573 954 a
603 897 637 953 te
668 881 769 955 facile
799 881 1010 970 doctissima,

158 1019 260 1092 quam
278 997 323 1068 ab
340 995 548 1069 amicissimo
566 996 611 1069 de
630 1021 709 1069 meo
731 1022 848 1070 amore
874 996 1011 1095 pericu-

158 1112 225 1183 lum
240 1110 324 1199 fieri,
340 1110 372 1182 in
391 1110 627 1184 difficultatem
640 1112 809 1185 adductus
826 1137 911 1201 sum,
929 1112 957 1185 si
975 1112 1009 1186 id

158 1226 399 1323 suspicaretur,
431 1253 474 1300 ne
501 1253 556 1300 me
575 1244 642 1301 tam
674 1254 742 1301 non
772 1253 876 1325 posse
907 1253 1008 1325 quam
1042 1259 1051 1309 ς

159 1344 250 1414 nolle
268 1341 331 1414 sibi
350 1342 497 1439 obsequi
515 1359 659 1440 putaret.
693 1346 830 1416 Etcum
849 1343 928 1416 hinc
948 1368 1010 1440 pu·

158 1457 232 1546 dor,
265 1456 355 1530 illinc
386 1481 482 1530 amor
507 1458 540 1530 in
558 1458 790 1555 suspicionem
816 1476 1008 1548 vocaretur,

159 1591 234 1645 utro
254 1573 366 1671 potius
393 1574 641 1647 consulendum
667 1590 769 1663 esset,
798 1574 1005 1648 nesciebam.

159 1690 250 1761 Nam
269 1705 304 1761 et
321 1687 435 1761 amico
461 1689 634 1787 denegare
660 1689 787 1787 aliquid
806 1673 874 1763 non
901 1689 1008 1763 licue-

157 1821 218 1891 rat,
238 1821 273 1876 et
291 1803 322 1876 ei
342 1804 531 1901 praesertim
558 1805 613 1877 cui
640 1803 688 1901 (ut
705 1803 787 1901 dixi)
813 1805 928 1879 omnia
946 1805 1007 1878 de·
1024 1834 1053 1871 10

158 1919 325 2005 buissem;
357 1920 503 2017 obsequi
535 1936 648 1994 autem
680 1945 794 2017 neque
825 1923 1006 1994 honestum

157 2060 270 2132 neque
297 2036 473 2134 perfacile,
500 2037 527 2109 si
546 2062 626 2135 ego,
654 2063 721 2110 non
741 2038 798 2135 qui
817 2037 908 2110 sratri
935 2053 1005 2126 tun,

155 2151 217 2224 sed
235 2152 293 2248 qui
321 2169 422 2225 notus
449 2152 508 2225 tibi
528 2178 595 2225 non
615 2178 737 2242 essem,
756 2153 875 2225 litteris
894 2170 928 2225 te
945 2178 1007 2225 vo-

155 2267 290 2340 luissem
313 2270 367 2340 vel
393 2267 490 2341 adire
515 2270 568 2340 vel
597 2271 740 2365 pulsare.
774 2268 884 2370 Quod
910 2285 1006 2342 certe

156 2383 275 2456 nescio
293 2408 442 2480 quonam
461 2401 565 2480 pacto
584 2384 692 2481 possit
709 2401 767 2457 aut
784 2384 1006 2480 impudentiae
1023 2411 1048 2464 ις

154 2515 212 2571 aut
230 2499 549 2573 inconsiderationis
575 2525 644 2572 non
670 2525 756 2573 esse.
789 2500 858 2573 Sed
875 2516 952 2574 esto
971 2501 1005 2574 id

154 2632 256 2710 quam
276 2615 526 2705 honestissime,
552 2615 584 2688 ei
611 2614 849 2712 scilicetquae
875 2616 1005 2690 doctis-

153 2729 238 2803 sima
258 2729 301 2804 sit
326 2729 454 2805 litteras
483 2731 624 2805 aliorum
656 2730 909 2829 intempestivas
936 2758 1003 2806 non
1108 2750 1111 2761 ·

153 2845 269 2918 videri.
307 2848 422 2947 Quam
454 2863 567 2920 tamen
598 2847 832 2920 difficillimum
852 2850 920 2920 hoc
950 2848 1003 2938 sit,

199 3092 233 3156 (1)
257 3093 330 3152 vero]
350 3101 435 3140 autem
463 3094 490 3139 V.
531 3091 564 3155 (ἰ)
588 3093 674 3140 amicis
692 3093 754 3141 GM.
797 3107 836 3140 me
855 3094 911 3150 GV,
930 3107 1000 3141 omm.

153 3173 212 3222 CM.
248 3170 281 3234 (4)
307 3171 372 3219 diste.
399 3171 507 3220 aductus
525 3172 554 3221 C.
588 3172 633 3219 sim
659 3172 696 3220 Μ.
731 3172 789 3220 etsi
807 3172 831 3220 id
849 3173 886 3221 Μ.
921 3171 1002 3234 (dne

153 3266 242 3301 neme
261 3253 290 3300 C.
331 3260 426 3300 tanturn
452 3253 484 3301 G.
520 3253 608 3313 posse]
623 3253 733 3312 obsequi
753 3252 779 3299 V.
816 3251 848 3313 (8)
867 3261 948 3300 utrum
968 3254 1000 3311 G,

153 3333 257 3381 ultroV.
292 3345 350 3380 csse
364 3332 391 3379 V.
425 3331 474 3393 (10)
487 3332 570 3380 omnia
585 3340 611 3379 ut
623 3331 671 3380 dixi
689 3334 715 3378 V.
752 3330 801 3393 (υ)
814 3332 960 3393 perfacilem
973 3335 1000 3381 V.

152 3411 201 3475 (η)
226 3419 266 3459 set
284 3412 342 3460 GV.
386 3420 458 3459 natus
479 3414 506 3458 t.
552 3410 602 3474 (14)
619 3414 658 3458 vet
683 3425 728 3459 ont.
757 3413 789 3459 G.
824 3412 913 3460 audire
938 3414 998 3461 CM.

152 3489 428 3553 (16Jconsideracionis
438 3492 501 3539 GM.
536 3489 586 3554 (18)
597 3492 733 3539 litterarum
748 3492 808 3543 CM.
828 3492 955 3541 literarum
966 3494 998 3541 G.

151 3572 254 3625 aliarum
264 3573 296 3618 G.
308 3571 496 3636 intempestinas
504 3571 564 3620 CM.
583 3570 632 3633 (19)
640 3570 742 3623 difficile
751 3573 815 3632 GM,
824 3572 966 3622 facillimum
972 3574 998 3620 V.
