<?xml version="1.0" encoding="UTF-8"?>
<!DOCTYPE html PUBLIC "-//W3C//DTD XHTML 1.0 Transitional//EN"
    "http://www.w3.org/TR/xhtml1/DTD/xhtml1-transitional.dtd">
<html xmlns="http://www.w3.org/1999/xhtml" xml:lang="en" lang="en">
 <head>
  <title>
</title>
<meta http-equiv="Content-Type" content="text/html;charset=utf-8" />
  <meta name='ocr-system' content='tesseract 3.04.00' />
  <meta name='ocr-capabilities' content='ocr_page ocr_carea ocr_par ocr_line ocrx_word'/>
</head>
<body>
  <div class='ocr_page' id='page_1' title='image "./isotnogarolvero00nogagoog/isotnogarolvero00nogagoog_0422.png"; bbox 0 0 2850 4694; ppageno 0'>
   <div class='ocr_carea' id='block_1_1' title="bbox 697 903 787 973">
    <p class='ocr_par' dir='ltr' id='par_1_1' title="bbox 697 903 787 973">
     <span class='ocr_line' id='line_1_1' title="bbox 697 903 787 973; baseline 0 0"><span class='ocrx_word' id='word_1_1' title='bbox 697 903 787 973; x_wconf 77' lang='grc' dir='ltr'>ΧΗ.</span> 
     </span>
    </p>
   </div>
   <div class='ocr_carea' id='block_1_2' title="bbox 315 1185 1171 1325">
    <p class='ocr_par' dir='ltr' id='par_1_2' title="bbox 315 1185 1171 1325">
     <span class='ocr_line' id='line_1_2' title="bbox 315 1185 1171 1245; baseline -0.001 -12"><span class='ocrx_word' id='word_1_2' title='bbox 315 1186 448 1245; x_wconf 79' lang='lat' dir='ltr'>(venetiis.</span> <span class='ocrx_word' id='word_1_3' title='bbox 463 1188 528 1235; x_wconf 82' lang='lat' dir='ltr'>inter</span> <span class='ocrx_word' id='word_1_4' title='bbox 539 1186 607 1235; x_wconf 81' lang='lat' dir='ltr'>diem</span> <span class='ocrx_word' id='word_1_5' title='bbox 620 1187 650 1233; x_wconf 82' lang='lat' dir='ltr'>V.</span> <span class='ocrx_word' id='word_1_6' title='bbox 668 1186 760 1234; x_wconf 85' lang='lat' dir='ltr'>mensis</span> <span class='ocrx_word' id='word_1_7' title='bbox 773 1186 824 1233; x_wconf 85' lang='grc' dir='ltr'>Μιί</span> <span class='ocrx_word' id='word_1_8' title='bbox 837 1194 862 1234; x_wconf 79' lang='grc' dir='ltr'>οι</span> <span class='ocrx_word' id='word_1_9' title='bbox 874 1185 941 1234; x_wconf 81' lang='lat' dir='ltr'>diem</span> <span class='ocrx_word' id='word_1_10' title='bbox 953 1186 987 1232; x_wconf 83' lang='lat' dir='ltr'>X.</span> <span class='ocrx_word' id='word_1_11' title='bbox 1001 1186 1095 1234; x_wconf 82' lang='lat' dir='ltr'><strong>mensis</strong></span> <span class='ocrx_word' id='word_1_12' title='bbox 1106 1185 1171 1245; x_wconf 77' lang='lat' dir='ltr'>Sep-</span> 
     </span>
     <span class='ocr_line' id='line_1_3' title="bbox 621 1265 861 1325; baseline -0.004 -11"><span class='ocrx_word' id='word_1_13' title='bbox 621 1266 727 1314; x_wconf 79' lang='lat' dir='ltr'>tembris</span> <span class='ocrx_word' id='word_1_14' title='bbox 742 1280 765 1314; x_wconf 82' lang='grc' dir='ltr'>ι.</span> <span class='ocrx_word' id='word_1_15' title='bbox 782 1265 861 1325; x_wconf 72' lang='lat'>1439.)</span> 
     </span>
    </p>
   </div>
   <div class='ocr_carea' id='block_1_3' title="bbox 340 1513 1141 1610">
    <p class='ocr_par' dir='ltr' id='par_1_3' title="bbox 340 1513 1141 1610">
     <span class='ocr_line' id='line_1_4' title="bbox 340 1513 1141 1610; baseline 0.001 -25"><span class='ocrx_word' id='word_1_16' title='bbox 340 1515 428 1586; x_wconf 76' lang='lat' dir='ltr'><em>[sola</em></span> <span class='ocrx_word' id='word_1_17' title='bbox 455 1513 624 1610; x_wconf 76' lang='lat' dir='ltr'><em>Nogarola</em></span> <span class='ocrx_word' id='word_1_18' title='bbox 651 1513 821 1587; x_wconf 80' lang='lat' dir='ltr'><em>Damiano</em></span> <span class='ocrx_word' id='word_1_19' title='bbox 847 1518 953 1609; x_wconf 79' lang='lat' dir='ltr'><em>Burgn</em></span> <span class='ocrx_word' id='word_1_20' title='bbox 978 1513 1010 1584; x_wconf 83' lang='grc'>8.</span> <span class='ocrx_word' id='word_1_21' title='bbox 1035 1515 1072 1585; x_wconf 89' lang='grc' dir='ltr'>Ρ.</span> <span class='ocrx_word' id='word_1_22' title='bbox 1093 1517 1141 1586; x_wconf 90' lang='lat' dir='ltr'>D.</span> 
     </span>
    </p>
   </div>
   <div class='ocr_carea' id='block_1_4' title="bbox 273 1795 1168 2124">
    <p class='ocr_par' dir='ltr' id='par_1_4' title="bbox 273 1795 1168 2124">
     <span class='ocr_line' id='line_1_5' title="bbox 273 1795 1167 1892; baseline -0.001 -24"><span class='ocrx_word' id='word_1_23' title='bbox 273 1843 282 1892; x_wconf 62' lang='grc' dir='ltr'><strong>ς</strong></span> <span class='ocrx_word' id='word_1_24' title='bbox 491 1819 633 1869; x_wconf 72' lang='lat' dir='ltr'>ouem</span> <span class='ocrx_word' id='word_1_25' title='bbox 651 1795 814 1892; x_wconf 89' lang='lat' dir='ltr'>equidem</span> <span class='ocrx_word' id='word_1_26' title='bbox 833 1821 918 1884; x_wconf 87' lang='lat' dir='ltr'>sum,</span> <span class='ocrx_word' id='word_1_27' title='bbox 937 1819 1016 1874; x_wconf 85' lang='lat' dir='ltr'>cum</span> <span class='ocrx_word' id='word_1_28' title='bbox 1035 1796 1167 1892; x_wconf 77' lang='lat' dir='ltr'><strong>cogito,</strong></span> 
     </span>
     <span class='ocr_line' id='line_1_6' title="bbox 515 1911 1168 2007; baseline 0.003 -23"><span class='ocrx_word' id='word_1_29' title='bbox 515 1935 616 2007; x_wconf 83' lang='lat' dir='ltr'><strong>quam</strong></span> <span class='ocrx_word' id='word_1_30' title='bbox 631 1912 888 1985; x_wconf 83' lang='lat' dir='ltr'>excusationem</span> <span class='ocrx_word' id='word_1_31' title='bbox 900 1911 959 1984; x_wconf 85' lang='lat' dir='ltr'>tibi</span> <span class='ocrx_word' id='word_1_32' title='bbox 970 1912 1091 1985; x_wconf 78' lang='lat' dir='ltr'>afferre</span> <span class='ocrx_word' id='word_1_33' title='bbox 1106 1912 1168 1986; x_wconf 91' lang='lat' dir='ltr'>de-</span> 
     </span>
     <span class='ocr_line' id='line_1_7' title="bbox 516 2026 1165 2124; baseline 0.003 -25"><span class='ocrx_word' id='word_1_34' title='bbox 516 2027 627 2114; x_wconf 83' lang='lat' dir='ltr'><strong>beam,</strong></span> <span class='ocrx_word' id='word_1_35' title='bbox 639 2051 700 2100; x_wconf 85' lang='lat' dir='ltr'>cur</span> <span class='ocrx_word' id='word_1_36' title='bbox 709 2026 753 2099; x_wconf 87' lang='lat' dir='ltr'>ad</span> <span class='ocrx_word' id='word_1_37' title='bbox 763 2042 797 2100; x_wconf 86' lang='lat' dir='ltr'>te</span> <span class='ocrx_word' id='word_1_38' title='bbox 814 2027 940 2124; x_wconf 87' lang='lat' dir='ltr'><strong>saepius</strong></span> <span class='ocrx_word' id='word_1_39' title='bbox 954 2029 1083 2103; x_wconf 84' lang='lat' dir='ltr'>litteras</span> <span class='ocrx_word' id='word_1_40' title='bbox 1098 2054 1165 2101; x_wconf 92' lang='lat' dir='ltr'>non</span> 
     </span>
    </p>
   </div>
   <div class='ocr_carea' id='block_1_5' title="bbox 314 2141 1167 2356">
    <p class='ocr_par' dir='ltr' id='par_1_5' title="bbox 314 2141 1167 2356">
     <span class='ocr_line' id='line_1_8' title="bbox 314 2141 1167 2240; baseline 0.002 -23"><span class='ocrx_word' id='word_1_41' title='bbox 314 2143 406 2232; x_wconf 85' lang='lat' dir='ltr'><strong>dem,</strong></span> <span class='ocrx_word' id='word_1_42' title='bbox 424 2169 502 2217; x_wconf 87' lang='lat' dir='ltr'>cum</span> <span class='ocrx_word' id='word_1_43' title='bbox 523 2141 557 2216; x_wconf 91' lang='lat' dir='ltr'>id</span> <span class='ocrx_word' id='word_1_44' title='bbox 574 2167 672 2240; x_wconf 78' lang='lat' dir='ltr'>agam</span> <span class='ocrx_word' id='word_1_45' title='bbox 692 2168 807 2239; x_wconf 89' lang='lat' dir='ltr'>neque</span> <span class='ocrx_word' id='word_1_46' title='bbox 821 2143 995 2221; x_wconf 85' lang='lat' dir='ltr'>oblivione</span> <span class='ocrx_word' id='word_1_47' title='bbox 1005 2145 1167 2219; x_wconf 83' lang='lat' dir='ltr'>amicitiae</span> 
     </span>
     <span class='ocr_line' id='line_1_9' title="bbox 314 2258 1166 2356; baseline 0.001 -24"><span class='ocrx_word' id='word_1_48' title='bbox 314 2277 441 2333; x_wconf 86' lang='lat' dir='ltr'><strong>nostrae</strong></span> <span class='ocrx_word' id='word_1_49' title='bbox 472 2284 586 2356; x_wconf 88' lang='lat' dir='ltr'><strong>neque</strong></span> <span class='ocrx_word' id='word_1_50' title='bbox 606 2259 751 2356; x_wconf 83' lang='lat' dir='ltr'>negotiis</span> <span class='ocrx_word' id='word_1_51' title='bbox 770 2258 945 2355; x_wconf 83' lang='lat' dir='ltr'><strong>impedita,</strong></span> <span class='ocrx_word' id='word_1_52' title='bbox 965 2285 1043 2333; x_wconf 87' lang='lat' dir='ltr'>cum</span> <span class='ocrx_word' id='word_1_53' title='bbox 1062 2285 1166 2333; x_wconf 89' lang='lat' dir='ltr'>omne</span> 
     </span>
    </p>
   </div>
   <div class='ocr_carea' id='block_1_6' title="bbox 270 2373 1167 3052">
    <p class='ocr_par' dir='ltr' id='par_1_6' title="bbox 272 2373 1167 2935">
     <span class='ocr_line' id='line_1_10' title="bbox 272 2373 1167 2473; baseline 0 -25"><span class='ocrx_word' id='word_1_54' title='bbox 272 2419 301 2455; x_wconf 70' lang='grc' dir='ltr'>,ο</span> <span class='ocrx_word' id='word_1_55' title='bbox 314 2375 488 2473; x_wconf 84' lang='lat' dir='ltr'>negotium</span> <span class='ocrx_word' id='word_1_56' title='bbox 517 2400 628 2448; x_wconf 89' lang='lat' dir='ltr'><strong>meum</strong></span> <span class='ocrx_word' id='word_1_57' title='bbox 657 2375 688 2446; x_wconf 87' lang='lat' dir='ltr'>in</span> <span class='ocrx_word' id='word_1_58' title='bbox 707 2373 825 2447; x_wconf 86' lang='lat' dir='ltr'>studiis</span> <span class='ocrx_word' id='word_1_59' title='bbox 847 2375 1031 2449; x_wconf 82' lang='lat' dir='ltr'>litterarum</span> <span class='ocrx_word' id='word_1_60' title='bbox 1050 2400 1167 2448; x_wconf 87' lang='lat' dir='ltr'>verse-</span> 
     </span>
     <span class='ocr_line' id='line_1_11' title="bbox 313 2491 1165 2587; baseline 0 -23"><span class='ocrx_word' id='word_1_61' title='bbox 313 2508 375 2564; x_wconf 86' lang='lat' dir='ltr'><strong>tur.</strong></span> <span class='ocrx_word' id='word_1_62' title='bbox 411 2493 537 2564; x_wconf 84' lang='lat' dir='ltr'>Verum</span> <span class='ocrx_word' id='word_1_63' title='bbox 564 2515 642 2564; x_wconf 90' lang='lat' dir='ltr'>cum</span> <span class='ocrx_word' id='word_1_64' title='bbox 670 2505 793 2587; x_wconf 86' lang='lat' dir='ltr'>reputo</span> <span class='ocrx_word' id='word_1_65' title='bbox 817 2508 852 2563; x_wconf 88' lang='lat' dir='ltr'>te</span> <span class='ocrx_word' id='word_1_66' title='bbox 882 2516 959 2564; x_wconf 86' lang='lat' dir='ltr'>eum</span> <span class='ocrx_word' id='word_1_67' title='bbox 991 2491 1165 2564; x_wconf 86' lang='lat' dir='ltr'>hominem</span> 
     </span>
     <span class='ocr_line' id='line_1_12' title="bbox 313 2604 1167 2704; baseline -0.001 -24"><span class='ocrx_word' id='word_1_68' title='bbox 313 2632 402 2693; x_wconf 84' lang='lat' dir='ltr'>esse,</span> <span class='ocrx_word' id='word_1_69' title='bbox 421 2608 476 2680; x_wconf 89' lang='lat' dir='ltr'>cui</span> <span class='ocrx_word' id='word_1_70' title='bbox 504 2607 564 2681; x_wconf 86' lang='lat' dir='ltr'>nisi</span> <span class='ocrx_word' id='word_1_71' title='bbox 592 2630 715 2704; x_wconf 80' lang='lat' dir='ltr'>magna</span> <span class='ocrx_word' id='word_1_72' title='bbox 744 2604 903 2703; x_wconf 85' lang='lat' dir='ltr'><strong>quaedam</strong></span> <span class='ocrx_word' id='word_1_73' title='bbox 930 2631 972 2680; x_wconf 83' lang='lat' dir='ltr'>ac</span> <span class='ocrx_word' id='word_1_74' title='bbox 999 2608 1167 2704; x_wconf 82' lang='lat' dir='ltr'>praeclara</span> 
     </span>
     <span class='ocr_line' id='line_1_13' title="bbox 313 2721 1164 2813; baseline -0.002 -16"><span class='ocrx_word' id='word_1_75' title='bbox 313 2723 530 2813; x_wconf 83' lang='lat' dir='ltr'>conveniant,</span> <span class='ocrx_word' id='word_1_76' title='bbox 550 2724 619 2796; x_wconf 89' lang='lat' dir='ltr'>hoc</span> <span class='ocrx_word' id='word_1_77' title='bbox 633 2748 688 2796; x_wconf 87' lang='lat' dir='ltr'>me</span> <span class='ocrx_word' id='word_1_78' title='bbox 702 2721 909 2796; x_wconf 82' lang='lat' dir='ltr'>deterrebat.</span> <span class='ocrx_word' id='word_1_79' title='bbox 932 2724 1036 2794; x_wconf 91' lang='lat' dir='ltr'>Nunc</span> <span class='ocrx_word' id='word_1_80' title='bbox 1050 2739 1164 2796; x_wconf 83' lang='lat' dir='ltr'>autem</span> 
     </span>
     <span class='ocr_line' id='line_1_14' title="bbox 313 2838 1166 2935; baseline -0.001 -22"><span class='ocrx_word' id='word_1_81' title='bbox 313 2840 471 2914; x_wconf 89' lang='lat' dir='ltr'>omnibus</span> <span class='ocrx_word' id='word_1_82' title='bbox 496 2838 621 2912; x_wconf 79' lang='lat' dir='ltr'>officiis</span> <span class='ocrx_word' id='word_1_83' title='bbox 647 2838 807 2913; x_wconf 86' lang='lat' dir='ltr'><strong>amicitiae</strong></span> <span class='ocrx_word' id='word_1_84' title='bbox 825 2838 1007 2935; x_wconf 86' lang='lat' dir='ltr'><strong>diligenter</strong></span> <span class='ocrx_word' id='word_1_85' title='bbox 1023 2839 1166 2912; x_wconf 83' lang='lat' dir='ltr'>servatis</span> 
     </span>
    </p>

    <p class='ocr_par' dir='ltr' id='par_1_7' title="bbox 270 2954 1164 3052">
     <span class='ocr_line' id='line_1_15' title="bbox 270 2954 1164 3052; baseline -0.002 -22"><span class='ocrx_word' id='word_1_86' title='bbox 270 2979 333 3043; x_wconf 73' lang='lat'>158</span> <span class='ocrx_word' id='word_1_87' title='bbox 363 2979 418 3028; x_wconf 87' lang='lat' dir='ltr'>me</span> <span class='ocrx_word' id='word_1_88' title='bbox 461 2979 528 3028; x_wconf 86' lang='lat' dir='ltr'>nec</span> <span class='ocrx_word' id='word_1_89' title='bbox 558 2957 627 3027; x_wconf 88' lang='lat' dir='ltr'>hoc</span> <span class='ocrx_word' id='word_1_90' title='bbox 657 2954 796 3051; x_wconf 90' lang='lat' dir='ltr'>quidem</span> <span class='ocrx_word' id='word_1_91' title='bbox 832 2954 1164 3052; x_wconf 82' lang='lat' dir='ltr'>praetermittendum</span> 
     </span>
    </p>
   </div>
   <div class='ocr_carea' id='block_1_7' title="bbox 312 3234 1163 3536">
    <p class='ocr_par' dir='ltr' id='par_1_8' title="bbox 312 3234 1163 3536">
     <span class='ocr_line' id='line_1_16' title="bbox 360 3234 1163 3297; baseline 0.001 -14"><span class='ocrx_word' id='word_1_92' title='bbox 360 3236 393 3295; x_wconf 77' lang='lat'>(⁴)</span> <span class='ocrx_word' id='word_1_93' title='bbox 413 3237 529 3285; x_wconf 73' lang='lat' dir='ltr'><strong>lsouest</strong></span> <span class='ocrx_word' id='word_1_94' title='bbox 545 3234 624 3284; x_wconf 64' lang='lat' dir='ltr'><em>mulus</em></span> <span class='ocrx_word' id='word_1_95' title='bbox 640 3235 704 3284; x_wconf 67' lang='lat' dir='ltr'>inf.</span> <span class='ocrx_word' id='word_1_96' title='bbox 724 3236 748 3283; x_wconf 89' lang='lat' dir='ltr'>S.</span> <span class='ocrx_word' id='word_1_97' title='bbox 767 3236 795 3283; x_wconf 83' lang='lat' dir='ltr'>P.</span> <span class='ocrx_word' id='word_1_98' title='bbox 813 3236 919 3296; x_wconf 65' lang='lat' dir='ltr'>D.}Sal.</span> <span class='ocrx_word' id='word_1_99' title='bbox 933 3238 960 3283; x_wconf 84' lang='grc' dir='ltr'>Α.</span> <span class='ocrx_word' id='word_1_100' title='bbox 980 3236 1013 3297; x_wconf 83' lang='lat'>(6)</span> <span class='ocrx_word' id='word_1_101' title='bbox 1025 3236 1122 3284; x_wconf 74' lang='lat' dir='ltr'>offerre</span> <span class='ocrx_word' id='word_1_102' title='bbox 1132 3237 1163 3284; x_wconf 85' lang='lat' dir='ltr'>R.</span> 
     </span>
     <span class='ocr_line' id='line_1_17' title="bbox 312 3314 1162 3377; baseline 0.002 -15"><span class='ocrx_word' id='word_1_103' title='bbox 312 3315 344 3377; x_wconf 74' lang='grc' dir='ltr'>(ὁ.</span> <span class='ocrx_word' id='word_1_104' title='bbox 364 3314 388 3375; x_wconf 82' lang='lat'>7)</span> <span class='ocrx_word' id='word_1_105' title='bbox 405 3315 533 3363; x_wconf 76' lang='lat' dir='ltr'>debebam</span> <span class='ocrx_word' id='word_1_106' title='bbox 551 3315 578 3363; x_wconf 76' lang='lat' dir='ltr'>F.</span> <span class='ocrx_word' id='word_1_107' title='bbox 613 3314 646 3375; x_wconf 86' lang='lat'>(7)</span> <span class='ocrx_word' id='word_1_108' title='bbox 664 3315 749 3363; x_wconf 73' lang='lat' dir='ltr'>literas</span> <span class='ocrx_word' id='word_1_109' title='bbox 764 3314 897 3376; x_wconf 82' lang='lat' dir='ltr'>sepiusF.</span> <span class='ocrx_word' id='word_1_110' title='bbox 931 3314 965 3375; x_wconf 77' lang='lat'>(9)</span> <span class='ocrx_word' id='word_1_111' title='bbox 983 3315 1097 3377; x_wconf 78' lang='lat' dir='ltr'>negociis</span> <span class='ocrx_word' id='word_1_112' title='bbox 1113 3316 1162 3364; x_wconf 82' lang='lat' dir='ltr'>AF.</span> 
     </span>
     <span class='ocr_line' id='line_1_18' title="bbox 313 3395 1162 3457; baseline 0.004 -16"><span class='ocrx_word' id='word_1_113' title='bbox 313 3395 416 3456; x_wconf 73' lang='lat' dir='ltr'>impleta</span> <span class='ocrx_word' id='word_1_114' title='bbox 433 3395 459 3443; x_wconf 75' lang='lat' dir='ltr'>F.</span> <span class='ocrx_word' id='word_1_115' title='bbox 494 3396 544 3455; x_wconf 76' lang='grc' dir='ltr'>(ιο)</span> <span class='ocrx_word' id='word_1_116' title='bbox 562 3395 696 3457; x_wconf 77' lang='lat' dir='ltr'>negocium</span> <span class='ocrx_word' id='word_1_117' title='bbox 713 3395 761 3443; x_wconf 76' lang='lat' dir='ltr'>AF.</span> <span class='ocrx_word' id='word_1_118' title='bbox 797 3395 846 3455; x_wconf 87' lang='lat'><em>(11)</em></span> <span class='ocrx_word' id='word_1_119' title='bbox 861 3402 887 3442; x_wconf 81' lang='lat' dir='ltr'>te</span> <span class='ocrx_word' id='word_1_120' title='bbox 904 3403 956 3443; x_wconf 82' lang='lat' dir='ltr'>tum</span> <span class='ocrx_word' id='word_1_121' title='bbox 973 3397 1001 3453; x_wconf 85' lang='grc' dir='ltr'>Α,</span> <span class='ocrx_word' id='word_1_122' title='bbox 1019 3403 1045 3443; x_wconf 81' lang='lat' dir='ltr'>te</span> <span class='ocrx_word' id='word_1_123' title='bbox 1062 3409 1120 3444; x_wconf 84' lang='lat' dir='ltr'>cum</span> <span class='ocrx_word' id='word_1_124' title='bbox 1131 3397 1162 3444; x_wconf 83' lang='lat' dir='ltr'>R.</span> 
     </span>
     <span class='ocr_line' id='line_1_19' title="bbox 313 3473 1162 3536; baseline 0.005 -15"><span class='ocrx_word' id='word_1_125' title='bbox 313 3473 363 3534; x_wconf 73' lang='grc' dir='ltr'>(η)</span> <span class='ocrx_word' id='word_1_126' title='bbox 387 3475 520 3524; x_wconf 72' lang='lat' dir='ltr'>conveniat</span> <span class='ocrx_word' id='word_1_127' title='bbox 549 3475 576 3523; x_wconf 86' lang='lat' dir='ltr'>F.</span> <span class='ocrx_word' id='word_1_128' title='bbox 622 3488 662 3523; x_wconf 88' lang='lat' dir='ltr'>me</span> <span class='ocrx_word' id='word_1_129' title='bbox 689 3489 735 3523; x_wconf 86' lang='lat' dir='ltr'>om.</span> <span class='ocrx_word' id='word_1_130' title='bbox 765 3478 791 3523; x_wconf 84' lang='grc' dir='ltr'>Α.</span> <span class='ocrx_word' id='word_1_131' title='bbox 843 3474 892 3536; x_wconf 73' lang='lat'>(14)</span> <span class='ocrx_word' id='word_1_132' title='bbox 916 3474 1029 3526; x_wconf 77' lang='lat' dir='ltr'>amicicie</span> <span class='ocrx_word' id='word_1_133' title='bbox 1057 3475 1100 3528; x_wconf 75' lang='lat' dir='ltr'>off.</span> <span class='ocrx_word' id='word_1_134' title='bbox 1130 3476 1162 3525; x_wconf 86' lang='lat' dir='ltr'>R.</span> 
     </span>
    </p>
   </div>
   <div class='ocr_carea' id='block_1_8' title="bbox 313 3553 901 3618">
    <p class='ocr_par' dir='ltr' id='par_1_9' title="bbox 313 3553 901 3618">
     <span class='ocr_line' id='line_1_20' title="bbox 313 3553 901 3618; baseline 0.003 -16"><span class='ocrx_word' id='word_1_135' title='bbox 313 3557 361 3617; x_wconf 81' lang='lat'>(14.</span> <span class='ocrx_word' id='word_1_136' title='bbox 382 3553 419 3615; x_wconf 78' lang='grc' dir='ltr'>ις)</span> <span class='ocrx_word' id='word_1_137' title='bbox 436 3569 452 3602; x_wconf 81' lang='grc' dir='ltr'>ι</span> <span class='ocrx_word' id='word_1_138' title='bbox 467 3568 508 3602; x_wconf 88' lang='lat' dir='ltr'>me</span> <span class='ocrx_word' id='word_1_139' title='bbox 525 3568 591 3604; x_wconf 80' lang='lat' dir='ltr'>serv.</span> <span class='ocrx_word' id='word_1_140' title='bbox 609 3555 636 3604; x_wconf 82' lang='lat' dir='ltr'>F.</span> <span class='ocrx_word' id='word_1_141' title='bbox 672 3554 721 3616; x_wconf 76' lang='grc' dir='ltr'>(ις)</span> <span class='ocrx_word' id='word_1_142' title='bbox 739 3555 850 3618; x_wconf 75' lang='lat' dir='ltr'>permitt.</span> <span class='ocrx_word' id='word_1_143' title='bbox 870 3556 901 3608; x_wconf 80' lang='lat' dir='ltr'>R.</span> 
     </span>
    </p>
   </div>
   <div class='ocr_carea' id='block_1_9' title="bbox 0 0 1445 4694">
    <p class='ocr_par' dir='ltr' id='par_1_10' title="bbox 0 0 1445 4694">
     <span class='ocr_line' id='line_1_21' title="bbox 0 0 1445 4694; baseline 0 0"><span class='ocrx_word' id='word_1_144' title='bbox 0 0 1445 4694; x_wconf 95' lang='lat' dir='ltr'> </span> 
     </span>
    </p>
   </div>
  </div>
 </body>
</html>
