2850 4694
242 843 310 928 DE
342 842 518 929 ISOTAE
547 841 879 928 NOGAROLAE
907 841 1039 926 VITA

571 1191 709 1228 numm

443 1417 676 1482 EUGENIUS
695 1417 836 1480 ABEh*

264 1860 426 1953 inopere
448 1879 579 1951 cprope
597 1853 733 1928 divino·
747 1853 843 1951 quod
863 1854 966 1927 frater
985 1854 1067 1927 Phi·

215 1972 327 2069 lippus
355 1970 598 2069 Bergomensis
623 1995 653 2043 a.
688 1994 777 2068 1497
796 1969 963 2043 Ferrariae
984 1972 1066 2043 «De

214 2086 367 2182 plurimis
392 2086 493 2160 claris
518 2085 728 2182 selectisque
754 2083 971 2158 mulieribus»
992 2084 1067 2158 edi-

214 2201 275 2291 dit,
286 2202 373 2274 inter
383 2203 561 2274 nonnullas
574 2200 733 2273 mulieres
746 2199 905 2273 doctrina
918 2199 1067 2298 insignes

214 2317 316 2390 etiam
349 2333 416 2390 tres
447 2316 585 2390 seminae
620 2315 832 2390 doctissimae
862 2341 906 2389 ex
936 2316 1066 2415 'inclyta

216 2435 394 2530 Nogarola
428 2432 555 2506 familia
580 2448 679 2522 ortae,
710 2434 853 2529 Angeia,
890 2433 1066 2506 Zenevera

213 2562 250 2619 et
280 2550 381 2636 bota,
412 2547 548 2622 meritis
569 2547 727 2621 laudibus
761 2548 978 2622 extolluntur.
1016 2549 1066 2621 Ex

214 2687 286 2758 quo
312 2687 421 2758 opere
451 2661 547 2760 quasi
579 2661 674 2735 sonte
704 2686 782 2735 curn
814 2687 915 2758 paene
944 2685 1066 2736 omnes

213 2775 401 2872 scriptores
418 2801 479 2850 sua
496 2776 687 2850 hausissent
698 2777 758 2874 qui
776 2777 848 2850 sive
866 2776 947 2851 datu
958 2800 1068 2873 opera

213 2891 260 2965 de
286 2891 420 2966 seminis
445 2891 605 2966 doctrina
631 2892 818 2990 insignibus
844 2892 1067 2966 commentati

260 3104 271 3127 ·
301 3104 344 3151 De
372 3104 448 3151 lsotoe
475 3104 614 3166 Nogurolae
647 3104 697 3152 vita
725 3118 808 3167 nuper
834 3104 858 3153 in
886 3102 1066 3153 dissertatione

213 3182 478 3231 commentationibus
507 3182 654 3232 Academiae
677 3184 829 3234 Litterarum
852 3183 1007 3246 Hungarieee
1032 3182 1068 3231 in·

212 3269 282 3311 serta
306 3261 385 3324 (Isote
409 3264 548 3326 Nogarola.
566 3262 734 3327 szektogtatb.
751 3265 798 3312 Dr.
817 3251 884 3312 Abel
897 3259 964 3313 seno
980 3264 996 3311 Ι.
1014 3269 1067 3327 teg-

213 3341 258 3391 tol.
278 3342 410 3405 Budepest
428 3343 497 3407 1885)
514 3353 541 3393 et
557 3344 581 3391 in
602 3344 726 3393 Ludovici
744 3344 842 3407 Geiger
854 3345 993 3393 Annalibus
1007 3356 1067 3406 quo

216 3422 486 3483 «Vierteljahrsschritt
503 3423 542 3471 sur
559 3424 652 3472 Kultur
672 3423 723 3472 und
741 3423 880 3472 Litteretur
896 3423 944 3472 der
961 3422 1068 3472 Remis·
1144 3451 1148 3457 ·

213 3515 304 3552 seneen
323 3502 495 3551 inscribuntur
511 3503 540 3564 (1.
561 3516 581 3562 3.
600 3501 623 3564 4)
641 3503 759 3552 dIsserui.

266 3627 329 3669 lente
341 3623 451 3678 Nognrole
465 3626 541 3678 opera.
551 3621 567 3664 1.
946 3622 961 3656 ι
