<?xml version="1.0" encoding="UTF-8"?>
<!DOCTYPE html PUBLIC "-//W3C//DTD XHTML 1.0 Transitional//EN"
    "http://www.w3.org/TR/xhtml1/DTD/xhtml1-transitional.dtd">
<html xmlns="http://www.w3.org/1999/xhtml" xml:lang="en" lang="en">
 <head>
  <title>
</title>
<meta http-equiv="Content-Type" content="text/html;charset=utf-8" />
  <meta name='ocr-system' content='tesseract 3.04.00' />
  <meta name='ocr-capabilities' content='ocr_page ocr_carea ocr_par ocr_line ocrx_word'/>
</head>
<body>
  <div class='ocr_page' id='page_1' title='image "./isotnogarolvero00nogagoog/isotnogarolvero00nogagoog_0325.png"; bbox 0 0 2850 4694; ppageno 0'>
   <div class='ocr_carea' id='block_1_1' title="bbox 505 600 554 661">
    <p class='ocr_par' dir='ltr' id='par_1_1' title="bbox 505 600 554 661">
     <span class='ocr_line' id='line_1_1' title="bbox 505 600 554 661; baseline 0.061 -3"><span class='ocrx_word' id='word_1_1' title='bbox 505 600 554 661; x_wconf 80' lang='lat'>¹4³</span> 
     </span>
    </p>
   </div>
   <div class='ocr_carea' id='block_1_2' title="bbox 96 751 996 2359">
    <p class='ocr_par' dir='ltr' id='par_1_2' title="bbox 96 751 996 2359">
     <span class='ocr_line' id='line_1_2' title="bbox 101 751 953 841; baseline 0.006 -17"><span class='ocrx_word' id='word_1_2' title='bbox 101 751 215 841; x_wconf 91' lang='lat' dir='ltr'>video,</span> <span class='ocrx_word' id='word_1_3' title='bbox 235 752 297 827; x_wconf 90' lang='lat' dir='ltr'>nisi</span> <span class='ocrx_word' id='word_1_4' title='bbox 314 753 415 826; x_wconf 89' lang='lat' dir='ltr'>velim</span> <span class='ocrx_word' id='word_1_5' title='bbox 442 771 499 828; x_wconf 91' lang='lat' dir='ltr'>aut</span> <span class='ocrx_word' id='word_1_6' title='bbox 523 754 664 829; x_wconf 84' lang='lat' dir='ltr'>virtutes</span> <span class='ocrx_word' id='word_1_7' title='bbox 689 773 747 829; x_wconf 89' lang='lat' dir='ltr'>aut</span> <span class='ocrx_word' id='word_1_8' title='bbox 771 773 862 830; x_wconf 85' lang='lat' dir='ltr'>artes</span> <span class='ocrx_word' id='word_1_9' title='bbox 878 783 953 831; x_wconf 93' lang='lat' dir='ltr'>om-</span> 
     </span>
     <span class='ocr_line' id='line_1_3' title="bbox 103 868 953 966; baseline 0.007 -25"><span class='ocrx_word' id='word_1_10' title='bbox 103 893 164 942; x_wconf 92' lang='lat' dir='ltr'>nes</span> <span class='ocrx_word' id='word_1_11' title='bbox 193 868 358 966; x_wconf 85' lang='lat' dir='ltr'>ingenuas</span> <span class='ocrx_word' id='word_1_12' title='bbox 388 869 505 942; x_wconf 91' lang='lat' dir='ltr'>itidem</span> <span class='ocrx_word' id='word_1_13' title='bbox 534 869 566 942; x_wconf 93' lang='lat' dir='ltr'>in</span> <span class='ocrx_word' id='word_1_14' title='bbox 593 887 667 945; x_wconf 88' lang='lat' dir='ltr'>tuas</span> <span class='ocrx_word' id='word_1_15' title='bbox 696 871 815 946; x_wconf 88' lang='lat' dir='ltr'>laudes</span> <span class='ocrx_word' id='word_1_16' title='bbox 844 873 953 946; x_wconf 93' lang='lat' dir='ltr'>addu-</span> 
     </span>
     <span class='ocr_line' id='line_1_4' title="bbox 102 984 952 1081; baseline 0.006 -25"><span class='ocrx_word' id='word_1_17' title='bbox 102 1008 194 1073; x_wconf 87' lang='lat' dir='ltr'>cere,</span> <span class='ocrx_word' id='word_1_18' title='bbox 212 1009 293 1081; x_wconf 85' lang='lat' dir='ltr'>quae</span> <span class='ocrx_word' id='word_1_19' title='bbox 311 984 460 1058; x_wconf 90' lang='lat' dir='ltr'>eundem</span> <span class='ocrx_word' id='word_1_20' title='bbox 481 1001 608 1075; x_wconf 89' lang='lat' dir='ltr'>tecum,</span> <span class='ocrx_word' id='word_1_21' title='bbox 626 985 653 1060; x_wconf 89' lang='lat' dir='ltr'>si</span> <span class='ocrx_word' id='word_1_22' title='bbox 673 987 812 1077; x_wconf 90' lang='lat' dir='ltr'>habent,</span> <span class='ocrx_word' id='word_1_23' title='bbox 821 987 952 1062; x_wconf 85' lang='lat' dir='ltr'>sortitae</span> 
     </span>
     <span class='ocr_line' id='line_1_5' title="bbox 100 1099 952 1178; baseline 0.006 -5"><span class='ocrx_word' id='word_1_24' title='bbox 100 1115 177 1173; x_wconf 88' lang='lat' dir='ltr'>sunt</span> <span class='ocrx_word' id='word_1_25' title='bbox 201 1125 331 1173; x_wconf 90' lang='lat' dir='ltr'>sexum.</span> <span class='ocrx_word' id='word_1_26' title='bbox 364 1099 434 1175; x_wconf 87' lang='lat' dir='ltr'>Sed</span> <span class='ocrx_word' id='word_1_27' title='bbox 462 1126 531 1174; x_wconf 93' lang='lat' dir='ltr'>non</span> <span class='ocrx_word' id='word_1_28' title='bbox 559 1118 688 1176; x_wconf 87' lang='lat' dir='ltr'>tantum</span> <span class='ocrx_word' id='word_1_29' title='bbox 719 1102 799 1176; x_wconf 91' lang='lat' dir='ltr'>mihi</span> <span class='ocrx_word' id='word_1_30' title='bbox 829 1103 952 1178; x_wconf 86' lang='lat' dir='ltr'>adesse</span> 
     </span>
     <span class='ocr_line' id='line_1_6' title="bbox 100 1215 994 1317; baseline 0.009 -29"><span class='ocrx_word' id='word_1_31' title='bbox 100 1215 265 1314; x_wconf 84' lang='lat' dir='ltr'>intelligo,</span> <span class='ocrx_word' id='word_1_32' title='bbox 284 1232 320 1289; x_wconf 84' lang='lat' dir='ltr'>ut</span> <span class='ocrx_word' id='word_1_33' title='bbox 336 1215 464 1314; x_wconf 90' lang='lat' dir='ltr'>aliquid</span> <span class='ocrx_word' id='word_1_34' title='bbox 487 1234 657 1314; x_wconf 85' lang='lat' dir='ltr'>praeterea</span> <span class='ocrx_word' id='word_1_35' title='bbox 674 1218 742 1291; x_wconf 90' lang='lat' dir='ltr'>dici</span> <span class='ocrx_word' id='word_1_36' title='bbox 761 1244 781 1293; x_wconf 88' lang='lat' dir='ltr'>a</span> <span class='ocrx_word' id='word_1_37' title='bbox 799 1245 854 1293; x_wconf 90' lang='lat' dir='ltr'>me</span> <span class='ocrx_word' id='word_1_38' title='bbox 871 1245 953 1317; x_wconf 88' lang='lat' dir='ltr'>pos·</span> <span class='ocrx_word' id='word_1_39' title='bbox 984 1243 994 1296; x_wconf 78' lang='lat' dir='ltr'>t</span> 
     </span>
     <span class='ocr_line' id='line_1_7' title="bbox 99 1330 951 1432; baseline 0.006 -28"><span class='ocrx_word' id='word_1_40' title='bbox 99 1331 153 1422; x_wconf 89' lang='lat' dir='ltr'>sit,</span> <span class='ocrx_word' id='word_1_41' title='bbox 179 1330 275 1429; x_wconf 91' lang='lat' dir='ltr'>quod</span> <span class='ocrx_word' id='word_1_42' title='bbox 302 1331 365 1406; x_wconf 84' lang='lat' dir='ltr'>illis</span> <span class='ocrx_word' id='word_1_43' title='bbox 395 1349 432 1407; x_wconf 90' lang='lat' dir='ltr'>et</span> <span class='ocrx_word' id='word_1_44' title='bbox 460 1350 681 1432; x_wconf 86' lang='lat' dir='ltr'>perspectum</span> <span class='ocrx_word' id='word_1_45' title='bbox 710 1351 746 1408; x_wconf 90' lang='lat' dir='ltr'>et</span> <span class='ocrx_word' id='word_1_46' title='bbox 775 1335 951 1431; x_wconf 89' lang='lat' dir='ltr'>cognitum</span> 
     </span>
     <span class='ocr_line' id='line_1_8' title="bbox 100 1449 952 1547; baseline 0.005 -27"><span class='ocrx_word' id='word_1_47' title='bbox 100 1472 168 1521; x_wconf 94' lang='lat' dir='ltr'>non</span> <span class='ocrx_word' id='word_1_48' title='bbox 196 1464 323 1544; x_wconf 87' lang='lat' dir='ltr'>putem.</span> <span class='ocrx_word' id='word_1_49' title='bbox 354 1452 400 1521; x_wconf 86' lang='lat' dir='ltr'>At</span> <span class='ocrx_word' id='word_1_50' title='bbox 425 1449 452 1522; x_wconf 90' lang='lat' dir='ltr'>si</span> <span class='ocrx_word' id='word_1_51' title='bbox 479 1449 563 1538; x_wconf 89' lang='lat' dir='ltr'>fieri,</span> <span class='ocrx_word' id='word_1_52' title='bbox 582 1449 677 1547; x_wconf 93' lang='lat' dir='ltr'>quod</span> <span class='ocrx_word' id='word_1_53' title='bbox 703 1450 844 1525; x_wconf 81' lang='lat' dir='ltr'>difficile</span> <span class='ocrx_word' id='word_1_54' title='bbox 869 1475 952 1525; x_wconf 86' lang='lat' dir='ltr'>sane</span> 
     </span>
     <span class='ocr_line' id='line_1_9' title="bbox 99 1561 951 1664; baseline 0.004 -28"><span class='ocrx_word' id='word_1_55' title='bbox 99 1579 162 1654; x_wconf 88' lang='lat' dir='ltr'>est,</span> <span class='ocrx_word' id='word_1_56' title='bbox 181 1588 250 1637; x_wconf 91' lang='lat' dir='ltr'>non</span> <span class='ocrx_word' id='word_1_57' title='bbox 276 1588 381 1661; x_wconf 89' lang='lat' dir='ltr'>posse</span> <span class='ocrx_word' id='word_1_58' title='bbox 407 1564 599 1654; x_wconf 85' lang='lat' dir='ltr'>crederem,</span> <span class='ocrx_word' id='word_1_59' title='bbox 626 1590 695 1639; x_wconf 91' lang='lat' dir='ltr'>non</span> <span class='ocrx_word' id='word_1_60' title='bbox 717 1565 745 1638; x_wconf 90' lang='lat' dir='ltr'>is</span> <span class='ocrx_word' id='word_1_61' title='bbox 761 1561 873 1639; x_wconf 85' lang='lat' dir='ltr'>essem</span> <span class='ocrx_word' id='word_1_62' title='bbox 892 1566 951 1664; x_wconf 89' lang='lat' dir='ltr'>qui</span> 
     </span>
     <span class='ocr_line' id='line_1_10' title="bbox 99 1677 951 1782; baseline 0.007 -31"><span class='ocrx_word' id='word_1_63' title='bbox 99 1677 199 1752; x_wconf 90' lang='lat' dir='ltr'>tribui</span> <span class='ocrx_word' id='word_1_64' title='bbox 225 1681 294 1752; x_wconf 91' lang='lat' dir='ltr'>hoc</span> <span class='ocrx_word' id='word_1_65' title='bbox 321 1678 401 1752; x_wconf 90' lang='lat' dir='ltr'>mihi</span> <span class='ocrx_word' id='word_1_66' title='bbox 435 1682 655 1777; x_wconf 74' lang='lat' dir='ltr'>postularem.</span> <span class='ocrx_word' id='word_1_67' title='bbox 692 1683 825 1782; x_wconf 85' lang='lat' dir='ltr'>Quare,</span> <span class='ocrx_word' id='word_1_68' title='bbox 860 1685 951 1757; x_wconf 88' lang='lat' dir='ltr'>lsota</span> 
     </span>
     <span class='ocr_line' id='line_1_11' title="bbox 98 1792 996 1895; baseline 0.003 -28"><span class='ocrx_word' id='word_1_69' title='bbox 98 1792 309 1884; x_wconf 88' lang='lat' dir='ltr'>doctissima,</span> <span class='ocrx_word' id='word_1_70' title='bbox 327 1794 435 1868; x_wconf 92' lang='lat' dir='ltr'>seculi</span> <span class='ocrx_word' id='word_1_71' title='bbox 449 1795 547 1869; x_wconf 91' lang='lat' dir='ltr'>huius</span> <span class='ocrx_word' id='word_1_72' title='bbox 564 1812 801 1869; x_wconf 80' lang='lat' dir='ltr'>ornamentum</span> <span class='ocrx_word' id='word_1_73' title='bbox 819 1813 855 1870; x_wconf 89' lang='lat' dir='ltr'>et</span> <span class='ocrx_word' id='word_1_74' title='bbox 871 1822 951 1895; x_wconf 76' lang='lat' dir='ltr'>spe</span> <span class='ocrx_word' id='word_1_75' title='bbox 966 1821 996 1858; x_wconf 85' lang='lat'>10</span> 
     </span>
     <span class='ocr_line' id='line_1_12' title="bbox 98 1908 951 1998; baseline 0.005 -16"><span class='ocrx_word' id='word_1_76' title='bbox 98 1909 222 1998; x_wconf 86' lang='lat' dir='ltr'>cimen,</span> <span class='ocrx_word' id='word_1_77' title='bbox 241 1909 268 1982; x_wconf 91' lang='lat' dir='ltr'>si</span> <span class='ocrx_word' id='word_1_78' title='bbox 289 1908 396 1983; x_wconf 92' lang='lat' dir='ltr'>minus</span> <span class='ocrx_word' id='word_1_79' title='bbox 415 1911 602 1985; x_wconf 94' lang='lat' dir='ltr'>commode</span> <span class='ocrx_word' id='word_1_80' title='bbox 620 1927 734 1984; x_wconf 84' lang='lat' dir='ltr'>tecum</span> <span class='ocrx_word' id='word_1_81' title='bbox 750 1929 864 1986; x_wconf 88' lang='lat' dir='ltr'>actum</span> <span class='ocrx_word' id='word_1_82' title='bbox 878 1913 951 1986; x_wconf 87' lang='lat' dir='ltr'>exi·</span> 
     </span>
     <span class='ocr_line' id='line_1_13' title="bbox 96 2025 948 2126; baseline 0.005 -28"><span class='ocrx_word' id='word_1_83' title='bbox 96 2025 296 2117; x_wconf 86' lang='lat' dir='ltr'>stimaveris,</span> <span class='ocrx_word' id='word_1_84' title='bbox 315 2026 396 2123; x_wconf 89' lang='lat' dir='ltr'>quia</span> <span class='ocrx_word' id='word_1_85' title='bbox 419 2029 497 2100; x_wconf 87' lang='lat' dir='ltr'>haec</span> <span class='ocrx_word' id='word_1_86' title='bbox 514 2027 559 2100; x_wconf 90' lang='lat' dir='ltr'>ad</span> <span class='ocrx_word' id='word_1_87' title='bbox 582 2027 840 2126; x_wconf 73' lang='lat' dir='ltr'>rescripserim,</span> <span class='ocrx_word' id='word_1_88' title='bbox 871 2054 948 2102; x_wconf 93' lang='lat' dir='ltr'>cum</span> 
     </span>
     <span class='ocr_line' id='line_1_14' title="bbox 96 2141 949 2241; baseline 0.005 -27"><span class='ocrx_word' id='word_1_89' title='bbox 96 2141 159 2216; x_wconf 89' lang='lat' dir='ltr'>illis</span> <span class='ocrx_word' id='word_1_90' title='bbox 177 2144 428 2239; x_wconf 85' lang='lat' dir='ltr'>expostulatum</span> <span class='ocrx_word' id='word_1_91' title='bbox 446 2168 506 2217; x_wconf 90' lang='lat' dir='ltr'>eas</span> <span class='ocrx_word' id='word_1_92' title='bbox 525 2144 650 2241; x_wconf 84' lang='lat' dir='ltr'>potius,</span> <span class='ocrx_word' id='word_1_93' title='bbox 668 2144 726 2241; x_wconf 92' lang='lat' dir='ltr'>qui</span> <span class='ocrx_word' id='word_1_94' title='bbox 746 2170 801 2218; x_wconf 90' lang='lat' dir='ltr'>me</span> <span class='ocrx_word' id='word_1_95' title='bbox 817 2144 862 2219; x_wconf 90' lang='lat' dir='ltr'>ad</span> <span class='ocrx_word' id='word_1_96' title='bbox 880 2148 949 2219; x_wconf 90' lang='lat' dir='ltr'>hoc</span> 
     </span>
     <span class='ocr_line' id='line_1_15' title="bbox 96 2259 950 2359; baseline 0.006 -29"><span class='ocrx_word' id='word_1_97' title='bbox 96 2259 318 2332; x_wconf 89' lang='lat' dir='ltr'>reluctantem</span> <span class='ocrx_word' id='word_1_98' title='bbox 349 2260 570 2357; x_wconf 84' lang='lat' dir='ltr'>subegerunt,</span> <span class='ocrx_word' id='word_1_99' title='bbox 609 2260 701 2357; x_wconf 91' lang='lat' dir='ltr'>apud</span> <span class='ocrx_word' id='word_1_100' title='bbox 735 2285 839 2357; x_wconf 91' lang='lat' dir='ltr'>quem</span> <span class='ocrx_word' id='word_1_101' title='bbox 874 2262 950 2359; x_wconf 89' lang='lat' dir='ltr'>plus</span> 
     </span>
    </p>
   </div>
   <div class='ocr_carea' id='block_1_3' title="bbox 93 2374 990 2821">
    <p class='ocr_par' dir='ltr' id='par_1_3' title="bbox 93 2374 990 2821">
     <span class='ocr_line' id='line_1_16' title="bbox 94 2374 990 2474; baseline -0.001 -26"><span class='ocrx_word' id='word_1_102' title='bbox 94 2374 256 2449; x_wconf 76' lang='lat' dir='ltr'>amicitiae</span> <span class='ocrx_word' id='word_1_103' title='bbox 286 2375 373 2447; x_wconf 88' lang='lat' dir='ltr'>ratio</span> <span class='ocrx_word' id='word_1_104' title='bbox 398 2375 502 2449; x_wconf 90' lang='lat' dir='ltr'>valuit</span> <span class='ocrx_word' id='word_1_105' title='bbox 532 2400 635 2472; x_wconf 88' lang='lat' dir='ltr'>quam</span> <span class='ocrx_word' id='word_1_106' title='bbox 662 2376 812 2474; x_wconf 84' lang='lat' dir='ltr'>pudoris</span> <span class='ocrx_word' id='word_1_107' title='bbox 846 2378 888 2448; x_wconf 85' lang='lat' dir='ltr'>Et</span> <span class='ocrx_word' id='word_1_108' title='bbox 906 2403 948 2450; x_wconf 91' lang='lat' dir='ltr'>ne</span> <span class='ocrx_word' id='word_1_109' title='bbox 965 2399 990 2447; x_wconf 69' lang='grc' dir='ltr'>ιε</span> 
     </span>
     <span class='ocr_line' id='line_1_17' title="bbox 95 2490 950 2590; baseline 0.005 -28"><span class='ocrx_word' id='word_1_110' title='bbox 95 2490 174 2587; x_wconf 84' lang='lat' dir='ltr'>fingi</span> <span class='ocrx_word' id='word_1_111' title='bbox 193 2492 270 2563; x_wconf 88' lang='lat' dir='ltr'>haec</span> <span class='ocrx_word' id='word_1_112' title='bbox 288 2515 309 2562; x_wconf 92' lang='lat' dir='ltr'>a</span> <span class='ocrx_word' id='word_1_113' title='bbox 326 2516 382 2564; x_wconf 91' lang='lat' dir='ltr'>me</span> <span class='ocrx_word' id='word_1_114' title='bbox 400 2491 545 2565; x_wconf 84' lang='lat' dir='ltr'>sortasse</span> <span class='ocrx_word' id='word_1_115' title='bbox 563 2492 738 2581; x_wconf 89' lang='lat' dir='ltr'>crederes,</span> <span class='ocrx_word' id='word_1_116' title='bbox 756 2492 862 2565; x_wconf 87' lang='lat' dir='ltr'>virum</span> <span class='ocrx_word' id='word_1_117' title='bbox 882 2493 950 2590; x_wconf 93' lang='lat' dir='ltr'>pri·</span> 
     </span>
     <span class='ocr_line' id='line_1_18' title="bbox 95 2604 948 2698; baseline 0.005 -21"><span class='ocrx_word' id='word_1_118' title='bbox 95 2604 235 2678; x_wconf 89' lang='lat' dir='ltr'>marium</span> <span class='ocrx_word' id='word_1_119' title='bbox 262 2608 447 2679; x_wconf 91' lang='lat' dir='ltr'>Iohannem</span> <span class='ocrx_word' id='word_1_120' title='bbox 474 2607 680 2681; x_wconf 89' lang='lat' dir='ltr'>Cornarium</span> <span class='ocrx_word' id='word_1_121' title='bbox 712 2607 948 2698; x_wconf 90' lang='lat' dir='ltr'>doctissimum</span> 
     </span>
     <span class='ocr_line' id='line_1_19' title="bbox 93 2721 947 2821; baseline 0.004 -28"><span class='ocrx_word' id='word_1_122' title='bbox 93 2721 211 2818; x_wconf 91' lang='lat' dir='ltr'>tuique</span> <span class='ocrx_word' id='word_1_123' title='bbox 241 2721 344 2795; x_wconf 87' lang='lat' dir='ltr'>etiam</span> <span class='ocrx_word' id='word_1_124' title='bbox 374 2721 616 2796; x_wconf 88' lang='lat' dir='ltr'>admiratorem</span> <span class='ocrx_word' id='word_1_125' title='bbox 647 2723 770 2797; x_wconf 87' lang='lat' dir='ltr'>vadem</span> <span class='ocrx_word' id='word_1_126' title='bbox 800 2749 869 2821; x_wconf 81' lang='lat' dir='ltr'>ego</span> <span class='ocrx_word' id='word_1_127' title='bbox 887 2724 947 2797; x_wconf 89' lang='lat' dir='ltr'>tibi</span> 
     </span>
    </p>
   </div>
   <div class='ocr_carea' id='block_1_4' title="bbox 90 2915 948 3626">
    <p class='ocr_par' dir='ltr' id='par_1_4' title="bbox 90 2915 948 3626">
     <span class='ocr_line' id='line_1_20' title="bbox 139 2915 945 2980; baseline 0.004 -16"><span class='ocrx_word' id='word_1_128' title='bbox 139 2915 172 2978; x_wconf 78' lang='lat'>(3)</span> <span class='ocrx_word' id='word_1_129' title='bbox 189 2917 209 2965; x_wconf 86' lang='lat' dir='ltr'>si</span> <span class='ocrx_word' id='word_1_130' title='bbox 222 2924 307 2965; x_wconf 91' lang='lat' dir='ltr'>tecum</span> <span class='ocrx_word' id='word_1_131' title='bbox 318 2918 345 2964; x_wconf 83' lang='lat' dir='ltr'>V.</span> <span class='ocrx_word' id='word_1_132' title='bbox 379 2929 467 2964; x_wconf 86' lang='lat' dir='ltr'>secum</span> <span class='ocrx_word' id='word_1_133' title='bbox 484 2917 522 2966; x_wconf 84' lang='lat' dir='ltr'>M.</span> <span class='ocrx_word' id='word_1_134' title='bbox 557 2916 588 2978; x_wconf 75' lang='lat'>(3.</span> <span class='ocrx_word' id='word_1_135' title='bbox 608 2918 633 2980; x_wconf 84' lang='lat'>4)</span> <span class='ocrx_word' id='word_1_136' title='bbox 650 2931 832 2979; x_wconf 73' lang='lat' dir='ltr'>quae-sexum</span> <span class='ocrx_word' id='word_1_137' title='bbox 849 2932 895 2966; x_wconf 88' lang='lat' dir='ltr'>om.</span> <span class='ocrx_word' id='word_1_138' title='bbox 916 2918 945 2968; x_wconf 92' lang='lat' dir='ltr'>C.</span> 
     </span>
     <span class='ocr_line' id='line_1_21' title="bbox 92 2993 948 3061; baseline 0.002 -15"><span class='ocrx_word' id='word_1_139' title='bbox 92 2993 296 3061; x_wconf 74' lang='lat' dir='ltr'>(4Jadessemiltl</span> <span class='ocrx_word' id='word_1_140' title='bbox 311 2998 337 3044; x_wconf 85' lang='lat' dir='ltr'>V.</span> <span class='ocrx_word' id='word_1_141' title='bbox 372 2996 406 3059; x_wconf 72' lang='grc' dir='ltr'>(ς)</span> <span class='ocrx_word' id='word_1_142' title='bbox 421 2997 528 3058; x_wconf 86' lang='lat' dir='ltr'>aliquid]</span> <span class='ocrx_word' id='word_1_143' title='bbox 545 2999 722 3058; x_wconf 84' lang='lat' dir='ltr'>antequamC,</span> <span class='ocrx_word' id='word_1_144' title='bbox 734 2998 803 3047; x_wconf 82' lang='lat' dir='ltr'>aliud</span> <span class='ocrx_word' id='word_1_145' title='bbox 817 2999 849 3048; x_wconf 89' lang='lat' dir='ltr'>G.</span> <span class='ocrx_word' id='word_1_146' title='bbox 883 3013 948 3048; x_wconf 81' lang='lat' dir='ltr'>ame</span> 
     </span>
     <span class='ocr_line' id='line_1_22' title="bbox 92 3077 947 3143; baseline -0.001 -15"><span class='ocrx_word' id='word_1_147' title='bbox 92 3078 141 3128; x_wconf 86' lang='lat' dir='ltr'>dici</span> <span class='ocrx_word' id='word_1_148' title='bbox 160 3080 192 3127; x_wconf 89' lang='lat' dir='ltr'>G.</span> <span class='ocrx_word' id='word_1_149' title='bbox 219 3077 253 3140; x_wconf 82' lang='lat'>(7)</span> <span class='ocrx_word' id='word_1_150' title='bbox 270 3082 321 3126; x_wconf 80' lang='lat' dir='ltr'>Aut</span> <span class='ocrx_word' id='word_1_151' title='bbox 333 3079 359 3124; x_wconf 87' lang='lat' dir='ltr'>V.</span> <span class='ocrx_word' id='word_1_152' title='bbox 387 3077 480 3125; x_wconf 85' lang='lat' dir='ltr'>dificile</span> <span class='ocrx_word' id='word_1_153' title='bbox 498 3078 528 3126; x_wconf 91' lang='lat' dir='ltr'>C.</span> <span class='ocrx_word' id='word_1_154' title='bbox 564 3077 631 3141; x_wconf 83' lang='grc'>(7.8)</span> <span class='ocrx_word' id='word_1_155' title='bbox 649 3087 688 3127; x_wconf 90' lang='lat' dir='ltr'>est</span> <span class='ocrx_word' id='word_1_156' title='bbox 705 3093 766 3126; x_wconf 85' lang='lat' dir='ltr'>sane</span> <span class='ocrx_word' id='word_1_157' title='bbox 788 3080 815 3126; x_wconf 86' lang='lat' dir='ltr'>V.</span> <span class='ocrx_word' id='word_1_158' title='bbox 850 3079 885 3143; x_wconf 83' lang='grc'>(8)</span> <span class='ocrx_word' id='word_1_159' title='bbox 897 3094 947 3129; x_wconf 92' lang='lat' dir='ltr'>non</span> 
     </span>
     <span class='ocr_line' id='line_1_23' title="bbox 90 3157 944 3219; baseline 0.005 -12"><span class='ocrx_word' id='word_1_160' title='bbox 90 3172 160 3207; x_wconf 86' lang='lat' dir='ltr'>omm.</span> <span class='ocrx_word' id='word_1_161' title='bbox 180 3158 240 3208; x_wconf 89' lang='lat' dir='ltr'>CM.</span> <span class='ocrx_word' id='word_1_162' title='bbox 275 3172 325 3206; x_wconf 90' lang='lat' dir='ltr'>non</span> <span class='ocrx_word' id='word_1_163' title='bbox 342 3158 389 3206; x_wconf 88' lang='lat' dir='ltr'>hiis</span> <span class='ocrx_word' id='word_1_164' title='bbox 401 3158 430 3206; x_wconf 89' lang='lat' dir='ltr'>C.</span> <span class='ocrx_word' id='word_1_165' title='bbox 466 3157 499 3219; x_wconf 76' lang='lat' dir='ltr'>(o)</span> <span class='ocrx_word' id='word_1_166' title='bbox 518 3159 585 3206; x_wconf 86' lang='lat' dir='ltr'>lsota</span> <span class='ocrx_word' id='word_1_167' title='bbox 597 3159 627 3214; x_wconf 84' lang='lat' dir='ltr'>C,</span> <span class='ocrx_word' id='word_1_168' title='bbox 647 3159 744 3206; x_wconf 84' lang='lat' dir='ltr'>Ysotha</span> <span class='ocrx_word' id='word_1_169' title='bbox 755 3159 788 3215; x_wconf 87' lang='lat' dir='ltr'>G,</span> <span class='ocrx_word' id='word_1_170' title='bbox 808 3161 888 3209; x_wconf 77' lang='lat' dir='ltr'>Ysotu</span> <span class='ocrx_word' id='word_1_171' title='bbox 906 3163 944 3211; x_wconf 89' lang='grc' dir='ltr'>Μ.</span> 
     </span>
     <span class='ocr_line' id='line_1_24' title="bbox 91 3237 944 3327; baseline 0.001 -39"><span class='ocrx_word' id='word_1_172' title='bbox 91 3242 140 3327; x_wconf 63' lang='grc' dir='ltr'>(ιι)</span> <span class='ocrx_word' id='word_1_173' title='bbox 158 3240 269 3290; x_wconf 84' lang='lat' dir='ltr'>comode</span> <span class='ocrx_word' id='word_1_174' title='bbox 287 3240 350 3288; x_wconf 86' lang='lat' dir='ltr'>GM.</span> <span class='ocrx_word' id='word_1_175' title='bbox 386 3247 528 3287; x_wconf 88' lang='lat' dir='ltr'>tecumom.</span> <span class='ocrx_word' id='word_1_176' title='bbox 547 3239 574 3285; x_wconf 79' lang='lat' dir='ltr'>V.</span> <span class='ocrx_word' id='word_1_177' title='bbox 605 3237 745 3301; x_wconf 72' lang='lat' dir='ltr'>(ralquare</span> <span class='ocrx_word' id='word_1_178' title='bbox 759 3241 786 3286; x_wconf 85' lang='lat' dir='ltr'>V.</span> <span class='ocrx_word' id='word_1_179' title='bbox 822 3242 944 3291; x_wconf 85' lang='lat' dir='ltr'>hocGM.</span> 
     </span>
     <span class='ocr_line' id='line_1_25' title="bbox 90 3321 944 3395; baseline 0.004 -27"><span class='ocrx_word' id='word_1_180' title='bbox 90 3323 142 3395; x_wconf 70' lang='lat'><em>(¹3)</em></span> <span class='ocrx_word' id='word_1_181' title='bbox 167 3335 198 3370; x_wconf 84' lang='lat' dir='ltr'>ea</span> <span class='ocrx_word' id='word_1_182' title='bbox 219 3323 246 3369; x_wconf 84' lang='lat' dir='ltr'>V.</span> <span class='ocrx_word' id='word_1_183' title='bbox 289 3321 371 3384; x_wconf 89' lang='lat' dir='ltr'>potuit</span> <span class='ocrx_word' id='word_1_184' title='bbox 398 3322 461 3369; x_wconf 89' lang='lat' dir='ltr'>GM.</span> <span class='ocrx_word' id='word_1_185' title='bbox 502 3335 554 3383; x_wconf 87' lang='lat' dir='ltr'>que</span> <span class='ocrx_word' id='word_1_186' title='bbox 580 3323 636 3370; x_wconf 87' lang='lat' dir='ltr'>GV.</span> <span class='ocrx_word' id='word_1_187' title='bbox 672 3322 721 3384; x_wconf 81' lang='lat'>(14)</span> <span class='ocrx_word' id='word_1_188' title='bbox 739 3325 895 3372; x_wconf 78' lang='lat' dir='ltr'>reluctamen</span> <span class='ocrx_word' id='word_1_189' title='bbox 917 3325 944 3371; x_wconf 85' lang='lat' dir='ltr'>V.</span> 
     </span>
     <span class='ocr_line' id='line_1_26' title="bbox 90 3401 946 3466; baseline 0.004 -17"><span class='ocrx_word' id='word_1_190' title='bbox 90 3401 236 3465; x_wconf 76' lang='lat' dir='ltr'>subegerim</span> <span class='ocrx_word' id='word_1_191' title='bbox 257 3402 290 3459; x_wconf 84' lang='lat' dir='ltr'>G,</span> <span class='ocrx_word' id='word_1_192' title='bbox 312 3403 471 3464; x_wconf 79' lang='lat' dir='ltr'>coegerunt?</span> <span class='ocrx_word' id='word_1_193' title='bbox 493 3411 555 3463; x_wconf 87' lang='lat' dir='ltr'>aput</span> <span class='ocrx_word' id='word_1_194' title='bbox 574 3403 637 3450; x_wconf 88' lang='lat' dir='ltr'>GM.</span> <span class='ocrx_word' id='word_1_195' title='bbox 663 3416 738 3463; x_wconf 78' lang='lat' dir='ltr'>quam</span> <span class='ocrx_word' id='word_1_196' title='bbox 752 3403 812 3452; x_wconf 89' lang='lat' dir='ltr'>CM.</span> <span class='ocrx_word' id='word_1_197' title='bbox 847 3402 897 3466; x_wconf 74' lang='lat' dir='ltr'>(rt)</span> <span class='ocrx_word' id='word_1_198' title='bbox 916 3405 946 3452; x_wconf 85' lang='lat' dir='ltr'>Et</span> 
     </span>
     <span class='ocr_line' id='line_1_27' title="bbox 91 3480 946 3545; baseline 0.004 -17"><span class='ocrx_word' id='word_1_199' title='bbox 91 3495 131 3529; x_wconf 90' lang='lat' dir='ltr'>me</span> <span class='ocrx_word' id='word_1_200' title='bbox 149 3482 185 3530; x_wconf 88' lang='lat' dir='ltr'>M.</span> <span class='ocrx_word' id='word_1_201' title='bbox 221 3480 339 3545; x_wconf 73' lang='lat' dir='ltr'>(rolltoc</span> <span class='ocrx_word' id='word_1_202' title='bbox 360 3483 386 3528; x_wconf 84' lang='lat' dir='ltr'>V.</span> <span class='ocrx_word' id='word_1_203' title='bbox 422 3481 530 3530; x_wconf 81' lang='lat' dir='ltr'>tortasse</span> <span class='ocrx_word' id='word_1_204' title='bbox 549 3482 686 3530; x_wconf 74' lang='lat' dir='ltr'>became</span> <span class='ocrx_word' id='word_1_205' title='bbox 705 3484 737 3532; x_wconf 89' lang='lat' dir='ltr'>G.</span> <span class='ocrx_word' id='word_1_206' title='bbox 773 3482 822 3545; x_wconf 79' lang='lat'><em>(18)</em></span> <span class='ocrx_word' id='word_1_207' title='bbox 839 3482 946 3531; x_wconf 81' lang='lat' dir='ltr'>admira·</span> 
     </span>
     <span class='ocr_line' id='line_1_28' title="bbox 90 3560 943 3626; baseline -0.002 -14"><span class='ocrx_word' id='word_1_208' title='bbox 90 3561 190 3612; x_wconf 84' lang='lat' dir='ltr'>cionem</span> <span class='ocrx_word' id='word_1_209' title='bbox 198 3562 294 3612; x_wconf 80' lang='lat' dir='ltr'>varium</span> <span class='ocrx_word' id='word_1_210' title='bbox 305 3563 337 3611; x_wconf 89' lang='lat' dir='ltr'>G.</span> <span class='ocrx_word' id='word_1_211' title='bbox 357 3562 391 3613; x_wconf 80' lang='lat' dir='ltr'>ad</span> <span class='ocrx_word' id='word_1_212' title='bbox 400 3560 490 3610; x_wconf 87' lang='lat' dir='ltr'>vadem</span> <span class='ocrx_word' id='word_1_213' title='bbox 503 3560 566 3611; x_wconf 80' lang='lat' dir='ltr'>Min</span> <span class='ocrx_word' id='word_1_214' title='bbox 578 3575 665 3626; x_wconf 56' lang='lat' dir='ltr'>marm:</span> <span class='ocrx_word' id='word_1_215' title='bbox 676 3563 750 3612; x_wconf 83' lang='lat' dir='ltr'>aliter</span> <span class='ocrx_word' id='word_1_216' title='bbox 761 3563 853 3612; x_wconf 84' lang='lat' dir='ltr'>vadum</span> <span class='ocrx_word' id='word_1_217' title='bbox 864 3561 943 3612; x_wconf 70' lang='lat' dir='ltr'>lubet.</span> 
     </span>
    </p>
   </div>
   <div class='ocr_carea' id='block_1_5' title="bbox 0 0 1430 4694">
    <p class='ocr_par' dir='ltr' id='par_1_5' title="bbox 0 0 1430 4694">
     <span class='ocr_line' id='line_1_29' title="bbox 0 0 1430 4694; baseline 0 6"><span class='ocrx_word' id='word_1_218' title='bbox 0 0 1430 4694; x_wconf 95' lang='lat' dir='ltr'> </span> 
     </span>
    </p>
   </div>
  </div>
 </body>
</html>
