2850 4694
716 600 770 675 138

312 771 527 860 audivissem,
562 771 676 845 studio
707 789 742 845 ut
773 771 848 845 illos
876 772 969 845 omni
1000 774 1173 846 conveni-

313 911 394 959 rem.
415 887 484 960 Sed
498 912 576 960 cum
591 886 765 960 desiderio
784 886 863 960 huic
881 912 961 961 meo
978 887 1172 984 aliquando

313 1000 439 1075 sactum
462 1003 543 1076 satis
560 1021 653 1077 esset
667 1021 702 1076 et
719 1027 809 1099 quos
823 1003 997 1100 cupieram
1013 1028 1172 1077 conven-

312 1134 367 1189 tos
390 1118 595 1207 habuissem,
626 1118 755 1190 mentio
782 1118 881 1190 nobis
908 1119 994 1192 inter
1020 1121 1171 1216 loquen-

286 1260 298 1317 ς
313 1232 392 1305 dum
408 1233 452 1306 de
471 1234 522 1306 his
535 1236 676 1307 suborta
693 1253 757 1323 est,
772 1234 831 1330 qui
849 1253 965 1308 essent
983 1237 1048 1308 hac
1061 1252 1171 1309 aetate

312 1349 427 1423 studio
456 1349 641 1423 litterarum
673 1350 858 1424 clarissimi.
892 1353 928 1423 ln
962 1376 1051 1447 quos
1086 1376 1169 1424 cum

312 1491 427 1540 sermo
445 1484 561 1540 noster
574 1466 780 1563 saepiuscule
798 1467 951 1556 caderet,
972 1467 1018 1540 ita
1035 1467 1082 1539 tui
1102 1494 1168 1540 no-

313 1582 411 1655 minis
445 1582 535 1656 sama
568 1583 776 1680 percrebuit,
811 1608 889 1657 cum
924 1583 1005 1655 mihi
1040 1583 1169 1680 ingenii

313 1697 360 1771 tui
399 1698 537 1795 copiam
564 1716 599 1771 et
624 1698 854 1773 eruditionem
881 1698 983 1772 etiam
1010 1699 1166 1772 nonnulli

269 1838 301 1877 ιο
314 1813 553 1910 praedicarent,
573 1831 609 1886 ut
634 1814 832 1887 miraculum
852 1838 953 1911 paene
970 1813 1112 1903 subiret,
1139 1816 1169 1888 si

311 1947 371 2004 aut
388 1954 469 2004 vera
498 1929 621 2018 forent,
648 1947 707 2003 aut
732 1956 802 2004 non
821 1930 865 2002 illi
897 1930 1011 2028 potius
1028 1930 1072 2004 ad
1089 1956 1171 2029 gra·

313 2045 393 2119 tiam
423 2047 654 2141 loquerentur.
683 2046 888 2119 Accedebat
905 2045 950 2120 ad
969 2048 1038 2120 hoc
1068 2047 1169 2144 quod

313 2185 392 2234 cum
411 2161 491 2233 huic
508 2161 604 2234 sexui
622 2180 658 2235 et
674 2161 767 2236 aetati
785 2187 907 2236 omnes
925 2162 1170 2251 faveantinvi-

313 2275 395 2350 deat
421 2301 535 2365 nemo,
566 2277 673 2374 magis
702 2276 872 2352 adductus
902 2302 975 2351 sum
1003 2294 1170 2375 utsupra

271 2416 297 2470 15
314 2391 417 2466 fidem
444 2418 524 2488 quae
542 2391 588 2466 de
605 2409 640 2466 te
659 2393 704 2465 illi
729 2410 1043 2467 commemorarent
1067 2410 1170 2490 puta·

314 2532 405 2595 rem;
433 2509 470 2581 fit
487 2533 647 2605 namque,
662 2526 699 2582 ut
714 2534 818 2605 quam
835 2508 914 2582 viris
932 2509 1068 2583 laudem
1087 2534 1169 2606 per·

313 2649 421 2698 raram
440 2648 664 2722 cognoscam,
683 2627 808 2722 puellae
831 2643 866 2697 ut
891 2649 968 2699 eam
994 2623 1170 2700 difficilius

314 2740 519 2815 concedam.
538 2741 609 2815 Sed
626 2766 705 2815 cum
723 2740 861 2816 tandem
880 2765 923 2815 ex
941 2741 993 2814 his
1005 2740 1065 2837 qui
1082 2742 1169 2816 ade-

315 2873 388 2929 rant
415 2880 500 2929 unus
525 2880 569 2929 ex
590 2856 745 2953 epistolis
770 2855 835 2929 tuis
857 2854 1022 2952 quasdam
1048 2858 1169 2953 legen·

362 3182 396 3245 (1)
413 3181 517 3231 omnino
533 3182 570 3231 M.
605 3180 639 3244 (3)
663 3180 840 3230 satisfactum
858 3181 922 3230 GM.
958 3189 985 3229 ut
1005 3181 1032 3228 V.
1066 3180 1102 3244 (ς)
1121 3182 1168 3231 hiis

316 3262 372 3310 CG.
407 3270 493 3310 essent
519 3275 564 3310 om.
596 3262 622 3308 V.
667 3261 701 3323 (ό)
726 3263 742 3309 1.
766 3261 905 3311 doctissimi
929 3261 1114 3321 clarissimique
1133 3263 1166 3310 G.

316 3340 463 3404 (8)prcbuit
475 3342 505 3391 C.
540 3341 573 3403 (9)
583 3343 668 3401 etiam]
685 3342 786 3390 essee
821 3340 911 3403 (ro)si]
921 3340 967 3388 sed
980 3341 1018 3389 Μ.
1036 3339 1087 3402 (11)
1100 3340 1167 3389 haud

316 3424 394 3469 vera?
437 3435 488 3470 non
512 3433 540 3469 ex
564 3435 611 3470 nos
634 3422 672 3480 M,
690 3434 736 3469 om.
756 3422 788 3470 G.
832 3419 881 3483 (υ)
898 3421 958 3480 quia
978 3421 1005 3469 V.
1040 3420 1169 3483 (rtlbuic

315 3513 362 3548 om.
388 3501 418 3550 C.
461 3500 511 3562 (ις)
534 3500 567 3548 illi
591 3499 625 3549 de
642 3509 668 3549 te
686 3501 719 3549 G.
759 3508 947 3548 commorarent
965 3500 1022 3548 GV.
1064 3499 1115 3562 (16)
1141 3510 1168 3549 ut

316 3595 361 3631 om.
392 3581 424 3629 G.
470 3580 518 3641 (ιὺ.
545 3581 582 3643 ¹7)
607 3593 739 3642 percaram
765 3581 798 3628 G.
841 3577 890 3643 (ιθ)
908 3579 955 3628 hiis
971 3579 1029 3629 CG.
