2850 4694
672 574 774 619 xxxttt

298 725 564 801 Guarinumde
594 727 782 801 Zeneverae
817 726 933 801 indole
968 699 1149 819 iudicasse,

298 867 376 916 cum
402 842 475 916 eius
501 842 628 916 litteras
660 842 748 915 idem
784 869 856 940 quo
893 845 994 917 lsotae
1027 843 1150 918 litterae

297 958 499 1055 conspicuae
529 975 645 1031 essent
673 958 846 1032 scribendi
872 983 981 1055 genus
1006 984 1079 1055 prae
1111 984 1150 1033 se

299 1074 387 1147 serre
405 1071 549 1161 diceret,
568 1074 786 1171 perspicuum
809 1075 855 1146 lit.

347 1190 481 1262 Tamen
503 1187 600 1285 quod
618 1190 867 1262 Gambararum
888 1212 1014 1262 nomen
1041 1187 1074 1260 in
1100 1188 1151 1261 hi-

297 1303 403 1377 storia
412 1304 596 1378 litterarum
607 1303 796 1377 Italicarum
806 1328 885 1377 cum
897 1305 1030 1377 honore
1040 1303 1149 1376 nomi-

299 1436 407 1510 natur,
425 1419 539 1517 aliqua
556 1445 599 1492 ex
615 1436 711 1516 parte
725 1419 826 1493 etiam
841 1420 1028 1493 Zeneverae
1041 1417 1151 1492 debe

299 1551 362 1625 tur,
389 1560 470 1631 quae
495 1535 679 1608 litterarum
705 1559 857 1608 amorem
877 1534 986 1608 leroci
1003 1533 1097 1631 genti
1114 1550 1151 1607 et

298 1674 320 1723 a
344 1649 528 1723 litterarum
547 1647 661 1722 studio
683 1674 856 1746 eousque
874 1674 1012 1747 prorsus
1029 1649 1151 1723 alienae

299 1766 450 1839 intulisse
479 1765 623 1855 videtur,
654 1791 725 1863 quo
760 1782 906 1863 nepotes
922 1773 951 1826 5⁰
986 1767 1150 1856 Ubertus,

299 1885 400 1971 lsota,
427 1881 587 1955 Violante
613 1899 649 1954 et
665 1882 849 1973 Veronica‚
868 1881 1055 1955 clarissima
1071 1898 1151 1980 post

298 1997 485 2071 Victoriam
508 1999 705 2072 Colonnam
725 1997 829 2071 ltaliae
856 1997 1001 2095 poetria,
1020 1997 1150 2072 incensi

298 2129 405 2187 erant.

348 2229 482 2304 Sororis
511 2229 742 2304 dilectissimae
769 2229 957 2303 discessum
997 2229 1150 2325 quamvis

298 2345 478 2441 aegerrime
496 2346 610 2418 tulerit
620 2349 720 2435 Isota,
732 2361 845 2419 tamen
863 2343 1036 2419 scribendi
1047 2345 1151 2420 ratio-

300 2486 377 2534 nem
399 2485 580 2558 genusque
610 2463 675 2534 hac
693 2461 738 2534 de
765 2485 869 2534 causa
895 2486 963 2533 non
991 2461 1148 2551 mutavit;

299 2592 422 2672 postea
463 2601 606 2673 quoque
648 2600 711 2673 per
744 2575 950 2673 aliquantum
986 2576 1151 2674 temporis

299 2691 417 2765 litteris
436 2707 564 2765 tantum
583 2689 774 2765 scribendis
793 2692 922 2764 intenta
940 2690 1042 2765 luisse
1055 2690 1150 2766 vide·

300 2823 354 2879 tur
384 2831 498 2903 neque
527 2831 549 2880 a
578 2806 697 2904 priore,
722 2805 974 2880 consuetudine
992 2804 1151 2880 discessit

300 2921 361 2995 nisi
387 2921 484 3020 quod
511 2922 655 2996 rariores
679 2921 724 2995 ad
750 2922 880 2996 amicos
897 2921 1025 2996 litteras
1042 2920 1148 2996 dedit.

302 3039 371 3111 Per
396 3054 504 3111 totum
531 3054 666 3135 tempus
692 3038 789 3136 quod
814 3037 969 3111 Venetiis
999 3036 1151 3136 degebat

298 3155 401 3227 lsotae
418 3178 496 3226 cum
516 3179 585 3227 uno
602 3169 730 3227 tantum
748 3154 821 3226 viro
839 3152 947 3226 docto
965 3152 1149 3227 litteramm

298 3269 545 3343 commercium
581 3269 783 3359 intercessit,
822 3285 858 3342 et
896 3268 976 3341 huic
1008 3294 1151 3367 quoque

298 3402 335 3458 ut
344 3383 389 3458 de
399 3410 459 3459 sua
468 3385 500 3458 in
510 3385 629 3460 litteris
638 3385 829 3459 scribendis
840 3384 1151 3482 neglegentiaque·

297 3517 430 3574 reretur
439 3501 637 3598 frequenter
645 3502 867 3575 occasionem
876 3498 983 3574 dedit
998 3499 1069 3575 Hic
1076 3503 1152 3575 Da·

353 3652 414 3696 trote
427 3652 537 3710 ttoguote
551 3653 628 3711 Opera.
643 3653 659 3698 1.
1031 3653 1046 3690 0
