2850 4694
741 611 793 671 162

337 782 536 855 seminarum
554 803 664 878 genus
677 795 783 876 atque
800 778 940 851 summis
957 778 1089 850 exultet
1106 802 1191 875 gau·

336 895 412 985 diis,
446 894 601 969 extitisse
635 917 695 968 eas
729 918 809 991 quae
836 916 961 967 nomen
992 891 1189 991 famamque

335 1036 430 1087 suam
460 1035 481 1084 e
508 1009 658 1085 tenebris
687 1008 879 1098 eduxerint,
897 1026 1002 1105 atque
1031 1008 1143 1099 vobis,
1160 1009 1188 1083 si

335 1126 525 1226 priscorum
544 1149 641 1199 more
659 1123 706 1197 uti
723 1124 855 1214 liceret,
877 1123 1039 1197 solemnis
1060 1140 1189 1198 statuas

308 1259 554 1332 toonsecrent,
584 1240 709 1315 natalia
733 1257 846 1314 vestra
871 1240 1061 1330 celebrent,
1092 1239 1188 1338 quod

336 1357 493 1457 Egiptios
509 1356 555 1431 ed
572 1356 815 1454 sempiternam
831 1355 975 1453 gloriam
998 1353 1077 1429 lsidi
1095 1355 1188 1429 aiunt

335 1474 532 1549 contulisse.
552 1472 717 1548 Gaudeat
737 1474 887 1563 Verona,
906 1471 1068 1569 quoniam
1087 1471 1188 1546 dura·

336 1589 385 1662 bit
426 1613 522 1662 suum
553 1614 616 1686 per
644 1588 763 1662 secula
793 1611 930 1676 nomen,
959 1586 1085 1684 gestiat
1115 1587 1189 1684 ipsa

297 1713 300 1718 ’
336 1704 429 1779 ltalia
445 1704 510 1778 sibi
536 1704 632 1801 quod
650 1704 730 1776 nulli
756 1703 872 1777 evenit
889 1702 1086 1801 contigisse.
1119 1705 1188 1776 Ve

293 1849 323 1886 10
335 1845 407 1894 rum
435 1845 478 1894 ne
504 1821 644 1896 modum
670 1820 828 1917 epistolae
856 1818 1032 1893 excedere
1058 1818 1187 1907 videar,

335 1936 484 2025 summis,
505 1952 540 2009 ut
561 1935 681 2011 Graeci
708 1935 837 2025 dicunt,
865 1935 979 2033 digitis
1006 1937 1084 2009 haec
1110 1936 1189 2009 teti·

333 2051 425 2149 gisse
450 2051 608 2143 sufficiat,
635 2077 715 2150 quae
734 2077 801 2125 non
820 2051 980 2126 adulandi
1004 2051 1116 2149 gratia
1133 2077 1189 2125 me

333 2168 510 2265 scripsisse
524 2167 725 2241 existimetis
737 2168 850 2257 velim,
864 2192 980 2241 verum
995 2191 1075 2240 cum
1090 2183 1127 2240 ut
1140 2168 1188 2240 rei

334 2285 465 2359 veritati
498 2285 704 2375 inservirent,
734 2301 804 2357 tum
825 2301 860 2357 ut
886 2309 949 2382 pro
974 2284 1058 2357 virili
1090 2301 1188 2382 parte

293 2422 319 2476 ¹t
335 2426 396 2475 vos
413 2401 457 2475 ad
477 2404 553 2475 haec
570 2401 682 2475 studia
699 2400 968 2499 complectenda
984 2418 1089 2499 atque
1108 2402 1189 2475 reti·

336 2516 449 2590 nenda
475 2517 651 2591 incitarem
677 2534 782 2616 atque
809 2517 1061 2591 inflammarem.
1092 2517 1189 2591 Nihil

336 2632 497 2730 prolecto
524 2633 655 2721 melius,
675 2633 757 2706 nihil
784 2633 906 2723 utilius,
926 2632 1006 2704 nihil
1031 2630 1189 2706 laudabi-

335 2748 399 2822 lius
415 2772 436 2821 a
452 2772 586 2823 summo
611 2749 763 2823 omnium
781 2766 879 2845 patre
901 2750 1049 2822 humano
1066 2749 1187 2845 generi

336 2864 496 2938 tributum
522 2889 662 2940 censeo.
694 2867 814 2961 ltaque
839 2887 982 2938 vosoro
999 2880 1105 2961 atque
1123 2866 1188 2938 ob

382 3101 416 3168 (ι)
440 3104 509 3166 que]
534 3105 594 3165 quia
619 3104 646 3152 ν.
697 3102 731 3168 (ι)
756 3104 900 3153 eduxerunt
925 3102 979 3161 CV,
1006 3102 1124 3151 eduxerit
1151 3105 1185 3154 G.

336 3184 410 3233 nobis
433 3185 470 3235 Μ.
513 3182 547 3247 (4)
572 3185 607 3232 uti
630 3198 699 3233 omm.
720 3184 784 3234 GM.
819 3183 931 3233 solennis
948 3183 977 3241 C,
1012 3184 1141 3232 solemnes
1152 3184 1185 3239 G.

335 3265 474 3327 solempnis
485 3266 523 3314 M.
549 3263 582 3327 (6)
594 3264 658 3328 ysldi
671 3265 734 3314 GM.
754 3264 788 3327 (7)
798 3264 935 3327 contigisse
947 3264 975 3309 V.
994 3261 1028 3326 (8)
1038 3263 1134 3326 gesciat
1147 3265 1184 3313 Μ.

335 3342 369 3406 (o)
385 3344 459 3407 ytalia
474 3345 512 3393 Μ.
553 3343 601 3407 (υ)
619 3344 716 3394 suficiat
734 3346 761 3392 V.
804 3343 854 3407 (ις)
871 3344 998 3392 existimes
1026 3344 1056 3393 G
1103 3352 1128 3393 ut
1145 3357 1188 3408 ego

334 3421 424 3472 aaut.
468 3437 496 3472 re
521 3425 559 3475 M.
602 3422 651 3487 (14)
672 3432 698 3473 ut
715 3438 761 3473 ont.
786 3425 815 3475 C.
850 3423 900 3486 (ις)
925 3435 971 3471 nos
994 3424 1032 3472 Μ.
1074 3433 1188 3474 contem·
1248 3438 1255 3459 ⁸

336 3505 428 3566 pianda
445 3504 532 3554 CGM.
567 3503 616 3568 (ιὸ)
634 3504 787 3554 instaurarem
807 3507 835 3552 V.
870 3503 919 3568 (ιγ)
937 3505 995 3554 nihil
1013 3506 1099 3555 utilius
1114 3520 1185 3560 omm.

337 3585 398 3634 CM.
433 3585 502 3646 nihil}
519 3586 560 3633 vel
578 3585 611 3634 G.
646 3583 695 3650 (ιθ)
712 3585 780 3634 hum.
799 3586 908 3651 genitori
927 3586 1014 3637 CGM.
