2850 4694
907 595 962 673 ¹9⁶

507 766 719 840 mediocrem
729 765 901 862 quandam
911 766 1154 863 consequimur
1168 766 1360 841 utilitatem.

507 880 617 982 Quod
635 905 715 956 cum
739 883 790 954 M.
814 881 931 956 Crassi
945 881 1214 979 eloquentissimi
1230 882 1293 956 viri
1310 900 1360 956 te

505 996 666 1071 stimonio
683 997 812 1071 inserto
834 996 865 1069 in
892 1021 938 1071 eo
968 996 1153 1074 Ciceronis
1179 996 1269 1071 libro
1302 997 1359 1095 qui

508 1113 640 1186 Orator
662 1112 854 1186 inscribitur
875 1112 982 1186 multo
1008 1112 1051 1186 sit
1081 1111 1286 1187 laboriosius
1318 1137 1359 1187 ac

482 1227 689 1316 sdiliicilius
716 1229 785 1301 hoc
811 1243 924 1302 tamen
955 1227 1014 1299 tibi
1041 1227 1262 1325 persuadeas,
1282 1253 1358 1302 eam

507 1342 774 1427 delectationem
788 1365 831 1416 ac
845 1343 1054 1439 voluptatem
1069 1365 1138 1441 qua
1152 1341 1184 1414 in
1198 1342 1359 1440 epistolae

508 1476 576 1533 tuae
594 1458 853 1555 responsionem
871 1481 982 1532 conor
1000 1457 1199 1531 incumbere
1230 1475 1357 1532 tantam

508 1574 745 1649 difficultatem
773 1598 897 1672 magna
916 1598 960 1646 ex
987 1588 1083 1670 parte
1110 1573 1264 1661 limasse;
1292 1574 1359 1648 sin·

506 1690 614 1787 gulari
644 1712 792 1787 namque
821 1707 857 1763 et
887 1687 1011 1786 ingenii
1041 1705 1077 1762 et
1106 1688 1294 1762 studiorum
1324 1698 1361 1765 et

467 1839 496 1874 ιο
510 1830 640 1878 morum
655 1821 788 1878 tuorum
802 1804 891 1879 scias
906 1828 960 1877 me
974 1828 1092 1877 amore
1106 1803 1259 1902 flagrare.
1276 1807 1361 1905 Qua

509 1919 554 1994 de
572 1945 610 1994 re
627 1919 731 1994 video
753 1945 808 1994 me
834 1944 939 2017 posse
957 1919 1117 1994 facillime
1136 1922 1225 1994 hanc
1247 1945 1359 1994 meam

509 2035 781 2110 honestissimam
815 2060 953 2110 causam
987 2034 1178 2110 defendere
1211 2060 1360 2111 censore

509 2151 611 2225 etiam
623 2153 674 2224 M.
687 2151 745 2225 illo
755 2150 939 2248 Superiora
950 2152 1099 2225 Catone.
1115 2150 1184 2224 Sed
1195 2151 1358 2247 quoniam

511 2265 543 2339 in
569 2265 736 2364 reliquum
753 2290 858 2364 spero
876 2291 954 2340 mea
975 2269 1041 2340 hac
1065 2266 1259 2365 arrogantia
1285 2284 1359 2341 tuas

468 2415 493 2465 ις
511 2380 770 2457 facundissimos
795 2382 959 2480 epistolas
984 2407 1053 2456 non
1080 2381 1250 2455 minimam
1278 2381 1359 2455 mihi

511 2497 686 2571 materiem
713 2498 788 2571 lore
814 2497 950 2573 daturas
975 2498 1008 2571 in
1035 2499 1101 2571 hac
1122 2498 1269 2593 probata
1286 2514 1361 2571 eta

510 2637 566 2686 me
591 2611 655 2686 iam
682 2612 739 2687 diu
757 2630 922 2711 exoptata
938 2612 1111 2688 scribendi
1137 2614 1307 2709 palaestra,
1326 2613 1359 2687 in

510 2728 765 2826 praesentiarum
792 2754 861 2803 non
883 2746 937 2803 est
957 2729 1037 2803 mihi
1062 2730 1169 2803 visum
1195 2754 1255 2803 eas
1273 2755 1360 2828 quas

509 2843 674 2919 deberem
688 2843 809 2943 dignas
822 2843 882 2917 tibi
896 2846 1094 2943 persolvere
1107 2844 1244 2942 gratias,
1262 2844 1359 2943 quod

557 3163 591 3227 (ι)
600 3163 768 3227 consequitur
779 3164 809 3215 C.
843 3165 878 3228 (3)
890 3164 995 3215 miserto
1006 3164 1036 3215 (ἰ
1071 3163 1105 3227 (4)
1118 3164 1263 3214 laboriosus
1275 3163 1359 3213 CGV.

510 3246 545 3309 (5)
572 3246 665 3307 tamen]
691 3244 770 3295 modo
792 3247 820 3293 V.
865 3244 899 3308 (7)
924 3246 972 3295 inc
998 3252 1048 3294 tam
1075 3245 1102 3293 V.
1137 3243 1172 3307 (8)
1197 3245 1306 3306 lymasse
1327 3245 1358 3294 G

510 3326 543 3386 (8.
561 3324 586 3385 9)
601 3325 695 3389 Singuli
714 3326 743 3375 C
778 3324 828 3389 (ιι)
843 3324 950 3375 iacilime
968 3322 1011 3386 (sic
1025 3322 1147 3386 αὺιιιΜ)
1164 3337 1205 3373 me
1221 3337 1302 3386 posse
1324 3325 1358 3374 G.

510 3403 560 3466 (ιι)
584 3418 685 3454 causam
708 3418 755 3453 om.
784 3407 811 3453 V.
852 3403 1004 3453 deffendere
1027 3404 1057 3453 α
1091 3402 1277 3465 (13)Cathone
1292 3405 1357 3456 GM.

510 3483 559 3546 (16)
583 3493 689 3534 matrem
709 3486 736 3534 V.
778 3486 827 3549 (ιγ)
852 3487 976 3547 palestras
995 3485 1023 3533 V.
1065 3485 1113 3545 (ι7.
1134 3483 1172 3545 18)
1196 3483 1301 3545 impres.
1327 3485 1359 3536 C·

510 3565 560 3627 (ις)
575 3572 659 3627 grates
675 3564 738 3614 GM.
772 3564 833 3625 quia
847 3565 875 3613 V.
