2850 4694
668 616 719 683 ¹53

271 791 340 850 tuae
365 798 497 849 summa
513 797 656 871 quoque
681 770 887 846 accessisset
910 768 1121 868 eloquentia,

270 890 362 965 haud
388 888 546 963 existimo
573 888 666 962 seros
691 911 734 961 ac
763 885 958 983 pertinaces
987 885 1120 960 illorum

269 1007 402 1082 animos
419 1022 454 1079 te
468 1004 601 1079 mollire
619 1002 782 1102 potuisse.
800 1000 974 1093 Docuisti
989 1001 1121 1078 medius

269 1121 380 1212 fidius,
399 1120 590 1195 universum
618 1135 780 1193 terrarum
806 1120 927 1192 orbern
949 1116 1041 1192 haud
1059 1117 1121 1192 mi·

268 1263 342 1310 rum
372 1261 461 1327 esse,
479 1236 507 1310 si
533 1235 629 1310 silvae
655 1253 860 1331 montesque
880 1233 1018 1330 Orphei
1035 1233 1120 1307 vatis
1152 1259 1162 1309 ι

268 1352 363 1427 liram
381 1376 477 1450 saepe
494 1368 721 1449 sequerentur
737 1349 902 1447 suavique
919 1373 981 1424 sua
998 1348 1120 1423 modu·

268 1467 395 1543 latione
412 1466 502 1541 mitis
519 1466 599 1540 seris
616 1483 736 1540 natura
752 1464 852 1541 rediit

348 1653 545 1734 Vicinumque
559 1652 630 1734 lupo
645 1651 771 1734 praebuit
784 1669 860 1731 agna
874 1649 955 1724 latus,

347 1750 524 1814 Concordes
538 1749 642 1812 ludunt
655 1749 733 1810 varia
746 1767 813 1810 cum
827 1747 940 1830 tygride
953 1747 1058 1821 damoe,

349 1848 508 1911 Massiliam
521 1849 599 1910 cervi
613 1865 673 1909 non
687 1857 819 1908 metuere
833 1845 939 1908 iubam.
1135 1870 1165 1906 ro

315 2051 384 2122 lam
410 2046 501 2121 enim
528 2046 588 2120 tibi
615 2045 719 2121 cedat
748 2045 824 2144 ipse
852 2045 985 2119 Cicero
1009 2069 1117 2142 seque

265 2164 391 2239 victum
423 2164 592 2254 strettun
609 2188 713 2260 quern
739 2161 922 2237 adversarii
949 2161 1117 2236 invidioso

267 2280 404 2353 nomine
430 2303 548 2377 regem
574 2280 806 2376 appellabant,
833 2278 997 2353 videlicet
1021 2278 1117 2376 quod

312 2517 346 2579 (1)
362 2518 530 2567 accessissent
551 2519 579 2566 V.
623 2518 664 2566 ell.
683 2519 710 2575 A,
732 2516 904 2577 eloquentiam
928 2515 956 2564 12.
997 2514 1032 2580 (ι)
1057 2516 1117 2566 haut

266 2598 304 2647 M.
329 2597 370 2659 ac]
395 2589 421 2647 et
447 2597 511 2649 GM.
553 2596 587 2660 (ι)
611 2597 751 2646 amicorum
774 2606 800 2645 te
816 2596 844 2645 Ρ.
885 2597 974 2645 molire
990 2596 1040 2656 AF,
1064 2609 1117 2647 rao

266 2676 347 2737 liriC,
366 2677 456 2727 molliri
468 2677 556 2729 Gttv.
591 2675 626 2741 (4)
642 2677 708 2727 filius
723 2677 751 2724 l'.
785 2676 1013 2727 orbent‘terrarttrn
1027 2678 1055 2725 l'.
1072 2686 1117 2726 aut

267 2756 298 2816 Q
318 2757 377 2805 haut
396 2757 456 2807 m.
497 2755 532 2821 (ς)
557 2757 626 2818 esse]
652 2765 691 2806 est
713 2756 763 2806 att.
805 2764 905 2806 montes
930 2756 964 2805 G.
1006 2757 1069 2806 natis
1085 2757 1113 2806 12.

265 2835 300 2900 (d)
312 2839 389 2900 lyram
400 2837 427 2885 V.
461 2844 684 2898 consequerentur
695 2836 757 2886 Ces
768 2849 901 2899 persequ„
919 2845 1075 2898 sequeretur
1085 2838 1113 2888 F·

265 2917 400 2979 suavique]
423 2930 494 2966 suam
517 2918 577 2979 quia
601 2917 629 2967 F.
671 2916 727 2978 sua]
752 2930 810 2966 mue
825 2915 854 2979 (l)
876 2919 902 2966 V.
945 2916 979 2981 (7)
995 2919 1070 2968 mutis
1085 2921 1113 2977 A,

268 2996 343 3046 irritis
361 2998 424 3047 GM.
467 2997 579 3047 reddidit
601 2997 630 3056 C,
655 2996 740 3046 reddit
758 2998 821 3056 GM,
840 2997 913 3048 dedit
937 2999 964 3046 V.
1007 2996 1041 3062 (8)
1057 2998 1116 3047 uici·

266 3091 324 3126 num
347 3077 377 3127 C.
419 3091 498 3141 agana
521 3078 551 3136 C,
575 3091 637 3140 agro
655 3077 683 3126 F.
716 3090 781 3140 agna
804 3090 842 3139 pr.
869 3078 902 3127 G·
942 3077 975 3140 (9)
998 3079 1113 3128 vanos„

266 3158 334 3206 varia
346 3157 434 3207 ludunt
444 3158 496 3217 Π,
509 3158 579 3206 varie
591 3157 680 3206 ludunt
689 3156 721 3206 G.
740 3156 833 3220 tigride
844 3158 950 3207 amn.
968 3157 1075 3207 dammae
1084 3162 1112 3218 Α,

266 3236 377 3300 dompne
394 3238 424 3296 C,
442 3237 535 3286 mue
556 3238 584 3298 F,
602 3237 702 3286 damma
715 3249 744 3286 ex
759 3236 866 3286 dammae
884 3239 916 3296 G,
935 3238 1033 3287 domnae
1050 3240 1112 3288 MV.

266 3315 554 3380 (rotunditatem,
575 3317 711 3366 Massiliam
738 3317 765 3364 V.
810 3318 877 3365 servi
899 3317 929 3376 C,
947 3318 1001 3367 ceri
1017 3318 1046 3367 12.
1079 3333 1112 3368 m.
1148 3339 1151 3344 ·

265 3405 359 3446 terram
371 3398 442 3446 cervi
453 3405 546 3447 terram
558 3411 608 3446 non
620 3411 651 3445 m.
665 3397 750 3445 iubam
762 3396 795 3446 G.
830 3397 879 3461 (ιι)
891 3398 982 3448 reddat
999 3398 1029 3457 C,
1047 3401 1114 3450 celat

265 3476 423 3536 licadatl'.
458 3475 657 3541 (taladversarit
672 3477 699 3524 V.
734 3475 928 3540 (trlregereF.
962 3478 1012 3527 vid.
1031 3478 1113 3542 quod]

266 3569 383 3617 umquam
400 3556 428 3604 F.
