2850 4694
856 525 874 583 8

437 716 490 772 ac·
499 696 631 771 illorum
645 697 808 771 voluntati
828 721 897 771 non
920 720 1049 769 morem
1068 719 1199 792 gerere.
1220 692 1289 766 Sed

438 812 555 903 nolim,
567 812 844 910 praestantissime
858 828 967 909 pater,
982 836 1095 908 neque
1113 809 1289 883 virtutibus

438 928 504 1004 tuis
521 954 636 1026 neque
650 928 806 1004 laudibus
824 953 940 1026 parem
954 927 1145 1001 orationem
1159 949 1289 1022 expec-

439 1060 502 1135 tes,
528 1043 562 1117 in
590 1044 713 1142 quibus
731 1068 813 1117 sane
830 1041 1013 1117 efferendis
1039 1041 1185 1116 cuiusvis
1203 1040 1289 1114 doc-

412 1194 422 1245 5
439 1158 554 1234 tissimi
573 1159 632 1232 viri
650 1159 821 1257 elegantia
834 1158 1047 1255 facultasque
1061 1156 1199 1231 dicendi
1216 1181 1290 1228 sor-

438 1275 609 1351 desceret.
628 1278 756 1348 Verum
770 1274 804 1348 id
819 1299 960 1372 quoque
974 1274 1181 1371 superfluum
1195 1271 1289 1344 vide-

439 1407 541 1482 retur,
558 1407 594 1465 et
619 1407 654 1464 ut
671 1390 764 1464 aiunt
788 1408 867 1464 acta
891 1414 1049 1488 agerem;
1076 1414 1122 1462 eo
1147 1388 1288 1461 enimin

437 1506 544 1605 gradu
572 1522 606 1579 te
640 1506 743 1579 virtus
769 1523 826 1580 tua
851 1505 1047 1590 collocavit,
1067 1523 1102 1578 ut
1128 1504 1191 1577 iarn
1211 1528 1290 1600 quae

438 1621 550 1720 egeris
567 1647 691 1719 quaeve
704 1621 830 1696 dixeris
848 1638 1022 1718 nequeant
1035 1644 1112 1695 esse
1130 1620 1288 1693 obscura.

397 1772 427 1810 ιο
439 1736 534 1810 Nihil
543 1737 635 1810 enirn
644 1737 797 1823 omisisti,
813 1737 967 1810 undevel
981 1736 1226 1834 adaugendam
1237 1735 1290 1806 vel

438 1851 484 1927 ad
501 1851 689 1927 ornandam
708 1852 922 1950 disciplinam
937 1855 1003 1927 ulla
1020 1851 1080 1924 tibi
1094 1875 1174 1948 spes
1187 1868 1288 1923 esset.

439 1970 636 2043 Innumeras
653 1968 815 2066 prolecto
832 1967 934 2041 dotes
952 1966 1011 2040 tibi
1031 1983 1149 2041 natura
1165 1965 1291 2049 tribuit,

439 2081 602 2180 imprimis
628 2082 766 2156 dicendi
792 2082 992 2157 suavitatem
1019 2099 1055 2154 et
1087 2080 1290 2178 singularem

438 2198 683 2295 eloquentiam,
702 2222 805 2296 quarn
823 2215 896 2272 arte
913 2213 949 2270 et
966 2196 1079 2270 studio
1102 2194 1291 2268 inoredibili

398 2351 424 2402 ις
440 2312 636 2410 perauxisti.
653 2315 695 2386 Et
704 2331 801 2387 recte
814 2336 907 2386 sane.
919 2310 1017 2412 Quid
1026 2328 1081 2385 est
1093 2309 1293 2408 eloquentia

440 2428 678 2527 praestabilius,
697 2454 777 2527 quae
799 2428 831 2501 in
849 2426 942 2502 omni
960 2427 1071 2500 libero
1096 2429 1240 2524 populo,
1260 2425 1291 2497 in

440 2543 534 2619 omni
552 2569 589 2618 re
607 2543 746 2641 publica
760 2543 859 2618 bonis
877 2542 1028 2616 moribus
1050 2541 1201 2614 instituta
1222 2565 1293 2613 ma-

440 2657 535 2733 ximo
548 2658 581 2732 in
600 2661 732 2734 honore
745 2683 885 2757 semper
897 2656 1013 2733 habita
1028 2660 1106 2731 est?
1127 2657 1228 2730 Pacis
1241 2673 1294 2730 est

440 2774 532 2848 enim
550 2798 671 2848 comes
696 2774 828 2872 otiique
845 2771 942 2848 socia
958 2789 995 2846 et
1012 2773 1102 2845 bene
1129 2772 1294 2845 constitu-

489 2952 525 3017 (ι)
542 2952 592 3001 noli
612 2952 642 3012 C,
666 2954 759 3002 nollem
775 2954 828 3001 EV.
862 2951 897 3016 (4)
911 2948 1051 3001 offerendis
1074 2948 1104 2998 C
1139 2948 1173 3011 (ς)
1190 2947 1292 2997 dicendi

442 3044 513 3081 amm.
531 3033 584 3080 EV.
626 3032 659 3094 (ς.
684 3033 709 3096 6)
732 3031 885 3082 sordescent
906 3031 934 3079 Ε.
968 3028 1000 3090 (6.
1020 3033 1044 3091 7)
1061 3029 1293 3089 Verum-agerem

442 3124 513 3161 amm.
534 3113 586 3159 EV.
621 3110 656 3174 (7)
675 3112 752 3173 enim]
770 3112 870 3160 numss
913 3106 1134 3172 (olquoevedixl
1153 3105 1246 3154 uldixi
1264 3107 1291 3153 E.

443 3190 493 3254 (ιο)
502 3191 589 3241 eomis.
601 3190 631 3250 C,
642 3191 733 3240 obmis.
747 3192 785 3240 M.
812 3186 1039 3252 [inquinatarum
1056 3184 1180 3248 agendam
1193 3185 1216 3233 C
1227 3192 1252 3232 et
1265 3186 1297 3232 M

442 3272 498 3320 aule
513 3283 570 3320 corr.
604 3270 701 3335 (ulad
719 3284 790 3319 emm.
804 3270 891 3319 CGM.
927 3269 976 3317 ullu
992 3276 1009 3314 t.
1023 3280 1062 3328 sp.
1076 3272 1145 3314 esset
1160 3265 1291 3312 ommEV.

443 3348 761 3415 (talianumeraaquets'v.
785 3348 913 3400 doceant.
947 3344 1146 3409 (rilinpffiM.
1176 3343 1289 3406 (rrlper-

444 3429 548 3479 munisti
580 3431 607 3491 V,
631 3429 734 3479 hausisti
751 3430 780 3478 Ε.
829 3441 890 3478 rane
912 3425 974 3489 quid
993 3433 1033 3473 est
1049 3425 1078 3473 ἂ
1130 3431 1169 3471 est
1185 3437 1231 3472 om.
1255 3423 1292 3471 Μ.

446 3509 498 3572 (ιγ)
510 3507 662 3572 repubbliea
671 3511 699 3558 Β
734 3507 783 3572 (19)
793 3507 899 3569 otiique.
913 3505 988 3556 socia
999 3505 1051 3553 EV.
