2850 4694
657 587 733 634 xxvt

273 740 442 833 familiam,
462 743 650 817 totliberos
669 761 774 841 regat,
793 745 871 834 alat,
890 743 1030 835 educet,
1047 769 1125 818 eru-

272 858 355 949 diat,
374 884 490 957 parum
514 858 632 956 quieti,
660 860 768 933 minus
793 885 928 950 somno,
952 860 1124 933 minimum

272 974 355 1048 cibo
373 991 508 1072 tempus
526 975 706 1072 impertiat.
727 975 794 1048 Cui
813 975 1027 1048 excusationi
1045 1001 1123 1048 cum

272 1092 402 1187 amplas
419 1090 522 1163 etiam
543 1092 644 1163 lsotae
663 1089 781 1163 laudes
795 1089 995 1178 addidisset,
1006 1115 1125 1164 cumu-

272 1205 432 1279 latissime
445 1229 528 1279 sane
543 1203 660 1302 virgini
678 1205 862 1293 satisfecit;
883 1223 997 1279 tamen
1016 1205 1125 1278 noluit

272 1318 1123 1418 lsotavenerabiliseniampliusmolestiamafferre,

273 1437 329 1534 qui
354 1436 498 1509 fortasse
518 1461 585 1509 non
603 1435 676 1508 sine
695 1453 791 1509 tecto
809 1435 959 1532 quodam
978 1435 1124 1509 consilio

272 1570 359 1649 quot
384 1552 590 1649 quantisque
618 1552 763 1649 negotiis
793 1551 1010 1626 distineretur
1039 1576 1126 1625 con·

272 1685 413 1765 questus
430 1692 508 1742 esse
526 1666 588 1741 sibi
607 1666 795 1740 videbatur.

325 1786 408 1858 lloc
425 1786 545 1859 saltem
561 1809 624 1881 pro
635 1801 734 1857 certo
748 1784 917 1857 affirmare
931 1808 1124 1883 possumus,

272 1899 416 1973 Guarini
442 1899 607 1997 epistolas
633 1902 734 1972 lsotae
762 1898 851 1972 laudi
887 1899 1023 1971 minime
1058 1899 1123 1971 ob·

273 2014 389 2104 fuisse,
412 2015 518 2088 immo
544 2014 657 2112 potius
676 2013 766 2088 haud
797 2038 913 2111 parum
942 2012 1123 2112 profuisse,

272 2130 368 2227 quod
386 2149 422 2204 et
439 2157 482 2205 ex
498 2130 626 2218 litteris,
642 2156 721 2227 quae
735 2133 839 2228 paulo
853 2148 933 2228 post
945 2154 966 2203 a
979 2129 1124 2204 Guarini

273 2245 448 2344 discipulis
478 2244 523 2319 ad
552 2271 689 2320 sorores
719 2245 858 2344 scriptae
888 2263 965 2319 sunt
1002 2262 1038 2319 et
1079 2269 1125 2318 ex

274 2361 412 2435 Nicolai
428 2361 530 2434 lusci
544 2360 733 2457 lacobique
747 2362 955 2458 lavagnolae
969 2359 1125 2435 laudibus

272 2501 357 2573 quas
383 2479 476 2574 larga
494 2500 593 2549 manu
612 2476 787 2549 sororibus
805 2478 1000 2550 tribuebant
1017 2500 1125 2573 appa-

272 2609 333 2665 ret.
352 2591 488 2665 Nt'colai
502 2589 602 2664 Lusci
622 2591 792 2664 Vicentini
815 2594 940 2688 ecloga
954 2590 1126 2665 verbosis-

271 2707 366 2798 sime,
394 2733 495 2806 quam
524 2708 612 2781 sorte
631 2708 751 2781 relicta
768 2734 797 2781 a.
825 2730 908 2806 ¹435
930 2707 1086 2780 Ferraria
1096 2705 1124 2763 ³⁸

271 2823 440 2897 Vicentiae
450 2824 514 2896 ianr
530 2823 744 2921 conscripsit,
758 2848 803 2895 eo
818 2823 1006 2921 praesertim
1020 2822 1125 2920 digna

272 2956 325 3011 est
354 2962 434 3035 quae
465 2939 656 3012 nominetur
682 2937 777 3035 quod
804 2939 945 3035 poetica
967 2963 1123 3011 sororum

271 3081 380 3153 opera
398 3056 483 3129 inea
496 3057 723 3130 celebrantur.
747 3055 866 3127 Potius
875 3079 1030 3128 sororum
1050 3054 1125 3151 epi-

272 3175 377 3247 stolas
405 3190 441 3246 et
466 3172 640 3245 orationes
666 3194 826 3243 unacum
845 3171 1120 3267 corporisvenu·

271 3307 359 3363 state
376 3287 548 3385 animique
565 3288 742 3360 virtutibus
760 3286 945 3361 laudandas
962 3287 1025 3360 sibi
1045 3312 1091 3384 pr«

273 3404 387 3504 posuit
404 3405 544 3477 lacobus
564 3403 755 3502 Lavagnola
776 3404 808 3475 in
823 3404 969 3502 epistola
982 3428 1011 3476 a.
1034 3428 1060 3474 rr

275 3538 309 3593 ut
335 3519 468 3594 videtur
485 3521 624 3619 scripta,
644 3544 746 3616 quam
774 3519 830 3615 qui
853 3535 984 3591 attente
1002 3519 1035 3597 le
