2850 4694
506 604 560 666 ¹97

102 776 193 832 tuam
222 757 457 832 incredibilem
484 757 623 832 dicendi
650 760 787 857 copiam
815 759 952 834 tandem

102 899 165 972 per
182 874 309 947 litteras
318 890 392 947 tuas
410 898 544 947 mecum
563 875 819 948 communicare
837 878 954 949 volue-

102 991 156 1063 ris.
193 991 226 1064 Si
261 1015 345 1087 ergo
371 1015 508 1087 semper
538 1008 596 1063 aut
625 991 811 1088 aliquando
832 1017 954 1066 omnes

102 1105 317 1179 humanitatis
334 1105 453 1179 studiis
483 1105 714 1180 deditissimos
733 1109 954 1181 vehementer

101 1221 265 1295 adamasti
289 1238 326 1294 et
342 1221 369 1294 si
389 1246 443 1293 me
463 1223 583 1294 horum
602 1221 792 1295 studiorum
810 1222 954 1320 diligen·
987 1252 996 1302 t

101 1337 147 1410 tia
172 1337 349 1411 ardentem
377 1363 445 1410 non
473 1336 714 1411 retardandum
746 1337 808 1411 sed
839 1339 954 1434 potius

101 1453 376 1527 inflammandum
394 1477 472 1526 esse
495 1453 679 1542 existimas,
708 1471 742 1527 te
767 1454 953 1528 admodum

101 1570 297 1641 obsecrabo
306 1593 349 1642 uc
358 1570 571 1659 obtestabor,
583 1595 626 1643 ne
636 1570 875 1668 praetermittas
885 1571 955 1642 hoc

103 1684 168 1757 iam
195 1701 272 1757 ate
297 1702 468 1781 sumptum
495 1679 953 1773 litterarum'commertium,

102 1823 189 1871 neve
216 1817 250 1872 te
277 1801 345 1872 ullo
371 1799 478 1872 modo
504 1801 655 1873 retrahas
685 1802 729 1873 ab
755 1802 820 1872 hac
839 1817 954 1873 nostra
971 1826 1000 1863 10

101 1913 561 2010 praestantissimascribendi
572 1915 831 1989 consuetudine.
844 1915 954 2016 Quod

101 2028 128 2102 si
154 2055 174 2102 a
193 2047 227 2102 te
246 2030 483 2127 impetravero,
507 2047 588 2103 tunc
606 2030 707 2104 sacile
725 2033 955 2130 comprehen-

102 2143 180 2217 dam
208 2144 240 2216 in
267 2144 331 2217 tuis
357 2145 457 2217 tantis
482 2145 528 2218 de
543 2170 597 2218 me
620 2145 829 2219 mirabilibus
847 2146 954 2219 laudi·

102 2259 165 2332 bus
191 2277 225 2332 te
252 2285 320 2332 non
346 2258 553 2351 adulatione,
581 2286 648 2334 non
675 2261 823 2359 quadam
852 2261 953 2334 animi

101 2374 316 2448 simulatione
331 2375 433 2450 luisse
450 2375 646 2465 adductam,
665 2393 701 2448 et
718 2379 783 2450 hac
802 2401 839 2450 re
850 2377 954 2449 mani·
971 2401 995 2452 τε

104 2488 190 2563 leste
216 2512 426 2586 cognoscam
453 2516 495 2565 ea
520 2516 601 2589 quae
626 2490 745 2565 deme
772 2509 839 2565 tam
865 2517 954 2590 prae·

102 2606 195 2678 clara
221 2604 253 2676 in
271 2605 418 2702 epistola
435 2623 493 2679 tua
508 2605 673 2705 scripsisti
691 2631 711 2680 a
728 2631 828 2701 sensu
850 2606 952 2679 etiam

149 2922 183 2985 (a)
198 2922 426 2983 communicaret),
445 2924 608 2973 comunicare
623 2924 651 2972 V.
683 2923 718 2987 (3)
740 2925 814 2988 ergo]
828 2925 895 2974 euim
911 2925 950 2976 Μ.

102 3003 137 3066 (ς)
165 3017 205 3052 me
230 3001 374 3052 studiorum
398 3016 514 3053 meorum
540 3004 628 3054 CGM.
680 3004 712 3066 (ς.
738 3005 763 3065 ό)
789 3004 952 3067 dilligentiam

103 3082 133 3132 C.
175 3084 209 3146 (6)
236 3080 411 3131 retardandum
436 3084 469 3132 G.
512 3090 551 3132 set
579 3084 635 3132 GV.
665 3083 700 3147 (7)
725 3083 896 3133 instaurandam
917 3085 949 3141 G,

103 3160 278 3210 inflamandum
295 3161 356 3210 MV.
391 3162 424 3224 (8)
441 3162 602 3212 obsecrabor
622 3164 649 3210 V.
699 3171 725 3211 et
750 3163 780 3212 C.
807 3163 952 3224 pretermis-

102 3255 143 3291 aas
170 3242 201 3301 C,
235 3241 396 3304 pretermittas
422 3243 448 3288 V.
493 3241 562 3304 (ola
587 3251 612 3291 te
638 3243 686 3290 lam
710 3242 740 3291 C.
784 3250 894 3291 sumtum
916 3243 949 3292 G.

102 3322 253 3370 coutentium
269 3321 322 3370 CV.
351 3319 401 3383 (ιο)
414 3334 445 3369 ne
460 3329 486 3369 te
501 3321 531 3370 C.
555 3331 697 3370 nostraom.
709 3323 746 3374 Μ.
781 3322 948 3385 (tanciae

101 3401 184 3450 facille
206 3403 232 3449 V.
278 3402 327 3464 (14)
353 3400 508 3460 adulatione,
528 3403 588 3463 non!
616 3401 770 3462 adulatione,
788 3415 837 3451 nec
861 3402 948 3451 CGM.

102 3481 228 3542 quandam
252 3481 281 3531 C.
326 3482 376 3544 (ts)
400 3481 517 3531 adactam
541 3482 595 3531 CV.
644 3483 719 3531 etin
750 3484 797 3531 hac
830 3483 857 3532 V.
900 3481 949 3545 (ιγ)

102 3561 187 3622 etiam]
204 3568 230 3609 et
250 3562 278 3608 V.
