2850 4694
718 598 769 661 ¹7²

313 776 435 849 magna
462 753 555 826 dare.
585 755 697 827 Natus
724 779 865 851 quoque
883 779 921 828 es
938 778 983 827 ex
1000 779 1042 828 ea
1060 780 1169 829 venu-

311 867 457 942 stissima
483 869 651 967 progenie
678 895 740 967 per
767 887 818 943 tot
843 870 948 944 ducta
972 870 1063 944 viros
1080 870 1169 944 anti-

313 1007 392 1079 quae
406 984 450 1056 ab
464 984 596 1081 origine
610 985 733 1082 gentis,
745 1010 825 1082 quae
839 1010 918 1059 cum
933 985 1045 1060 multis
1057 1010 1169 1083 eque-

311 1097 387 1170 stris
410 1098 539 1171 ordinis
557 1116 625 1172 tam
644 1099 737 1173 domi
757 1125 859 1196 quam
879 1100 1006 1175 militiae
1023 1125 1169 1175 summae

285 1214 524 1297 sauctoritatis
559 1215 753 1288 clarissimis
787 1216 864 1289 viris
898 1216 1069 1306 floruerit,
1104 1241 1169 1290 eos

312 1354 434 1403 omnes
452 1354 529 1403 cum
548 1330 764 1428 amplissimis
782 1331 970 1421 virtutibus,
989 1331 1115 1429 opibus
1132 1351 1169 1406 et

313 1446 577 1543 magnificentia,
588 1464 657 1519 tum
668 1446 847 1544 plurimum
859 1447 1068 1520 humanitate
1083 1472 1169 1521 exu-

314 1586 424 1658 peras,
450 1561 629 1635 officiosus
656 1562 687 1634 in
714 1562 857 1653 amicos,
884 1561 995 1636 comis
1026 1563 1170 1637 familia-

313 1676 416 1764 ribus,
436 1679 600 1750 humanus
626 1702 708 1775 erga
726 1702 856 1752 omnes.
879 1678 981 1751 Adde
1000 1680 1169 1776 magnitu-

271 1823 300 1858 ιο
313 1792 427 1865 dinem
448 1792 584 1890 ingenii,
604 1818 767 1866 summam
787 1793 971 1867 litterarum
995 1795 1169 1892 cognitio·
1194 1780 1200 1795 ⁰

314 1932 403 1998 nem,
442 1911 636 2006 elegantem
667 1907 806 1981 dicendi
837 1909 987 2006 copiam,
1018 1909 1168 1984 divinam

314 2024 526 2113 memoriam,
546 2026 722 2097 multarum
742 2049 853 2097 rerum
872 2049 980 2113 usum,
999 2049 1167 2099 summam

313 2139 552 2228 constantiam,
580 2138 795 2230 modestiam,
823 2139 1063 2237 integritatem,
1092 2141 1169 2238 qui·

315 2255 377 2327 bus
402 2279 484 2328 sane
511 2253 687 2327 virtutibus
706 2253 832 2327 sactum
851 2272 914 2345 est,
935 2271 969 2326 ut
987 2254 1170 2329 illustrissi-

272 2398 297 2450 ις
315 2369 376 2443 mis
395 2370 605 2467 principibus
624 2394 723 2442 carus
740 2387 775 2442 et
793 2369 1011 2443 admirandus
1028 2371 1168 2464 existas,

312 2503 349 2558 et
375 2485 525 2583 inprimis
552 2485 776 2559 illustrissimo
804 2485 1000 2560 Marchioni
1021 2487 1169 2578 Estensi,

313 2599 372 2696 qui
398 2616 432 2673 te
459 2627 527 2674 non
555 2601 663 2675 minus
682 2625 798 2675 carum
817 2601 904 2674 inter
921 2619 1060 2676 ceteros
1077 2628 1170 2700 prae·

313 2715 537 2790 stantissimos
579 2735 672 2791 amat
713 2735 749 2790 et
787 2718 871 2791 colit
907 2742 1008 2814 quam
1044 2719 1170 2793 Caesar

362 3080 394 3143 (1)
413 3079 494 3128 Natus
511 3086 550 3127 est
568 3077 607 3140 (es
623 3077 664 3141 Μ)
685 3091 792 3139 quoque
810 3090 841 3125 ex
859 3077 919 3127 CM.
961 3077 992 3138 (ι.
1017 3080 1038 3140 ς)
1064 3079 1169 3140 antiqua

315 3159 375 3209 CM.
410 3158 442 3220 (3.
456 3159 480 3222 4)
493 3158 704 3218 equestriCGM.
740 3155 773 3219 (4)
788 3157 879 3205 ordine
897 3156 988 3206 Cante
1004 3171 1060 3205 corr.
1077 3159 1167 3207 GMV.

315 3241 348 3304 (ς)
366 3241 410 3286 vir.
430 3241 488 3287 clar.
509 3238 538 3287 C.
573 3252 616 3286 eas
635 3239 698 3286 GM.
734 3237 767 3299 (ό)
785 3251 874 3286 omnes
890 3252 936 3286 om.
960 3239 986 3285 V.
1022 3239 1170 3288 clarissimis

315 3319 379 3368 GM.
414 3318 445 3380 (7.
457 3320 481 3382 8)
493 3332 632 3380 exsuperas
642 3319 671 3368 C.
706 3317 924 3380 (8)beneticiosus
942 3318 969 3365 V.
1004 3331 1092 3366 comes
1103 3319 1167 3368 GM.

315 3398 348 3463 (9)
366 3401 485 3447 humanas
503 3399 532 3448 C.
567 3398 616 3461 (η)
634 3398 717 3446 divina
735 3398 764 3456 C,
780 3397 891 3446 divinum
907 3398 970 3446 GM.
1006 3397 1055 3461 (12)
1073 3412 1170 3446 memo·

315 3479 375 3526 riam
402 3492 472 3526 omm.
498 3480 562 3528 GM.
597 3477 728 3539 summam]
754 3478 843 3526 samam
871 3478 899 3524 V.
942 3476 992 3541 (14)
1015 3487 1054 3526 est
1068 3491 1115 3526 om.
1135 3478 1165 3528 C.

314 3559 364 3622 (17)
379 3559 449 3619 quod
468 3567 493 3606 te
512 3559 540 3607 C.
576 3572 664 3606 earum
680 3563 797 3621 suprascr.
816 3569 903 3605 carum
924 3557 952 3604 V.
