2850 4694
684 582 701 644 7

263 736 406 811 venisse.
422 738 569 827 Vereor,
584 763 627 810 ne
643 738 712 810 boc
732 735 822 809 idem
838 735 916 809 mihi
936 735 1117 827 obiciatur,

264 870 362 949 pater
374 851 849 949 reverendissime,quaecum
869 853 947 927 haec
965 851 1118 924 humani-

263 969 340 1041 tatis
365 967 476 1043 studia
503 986 738 1042 summotenus
760 990 821 1039 ore
840 966 992 1042 nondum
1010 967 1117 1065 attigi,

264 1084 296 1156 in
324 1085 436 1157 lucem
464 1083 581 1157 venire
607 1082 753 1157 audeam
772 1099 808 1155 et
824 1080 953 1178 scripta
971 1107 1047 1155 mea
1064 1084 1119 1155 vel

264 1198 377 1298 potius
395 1199 540 1297 ineptias
565 1198 770 1273 censoribus
796 1196 1042 1271 examinandas
1058 1221 1120 1270 ex·
1151 1222 1161 1274 t

264 1339 395 1412 ponere
413 1340 483 1388 non
510 1314 677 1403 dubitem,
704 1331 741 1387 et
770 1313 814 1387 ad
841 1329 875 1386 te
905 1312 1119 1410 potissimum

263 1430 427 1519 scribere,
439 1429 497 1525 qui
515 1453 561 1502 eo
570 1428 615 1502 sis
633 1428 807 1526 dignitatis
823 1427 931 1526 gradu
951 1427 1120 1503 modestia

265 1563 331 1637 tua,
350 1544 570 1634 humanitate,
596 1544 774 1642 gravitate,
802 1570 934 1618 summa
951 1546 1120 1642 eloquen-

265 1661 321 1752 tia,
336 1659 502 1758 pontificii
517 1659 595 1733 iuris
609 1659 753 1733 scientia
767 1659 890 1733 merito
904 1660 1118 1734 constitutus.

265 1775 334 1849 Sed
368 1775 461 1873 apud
496 1777 679 1850 nonnullos
713 1799 769 1848 me
794 1799 896 1849 sexus
922 1775 997 1872 ipse
1024 1800 1120 1849 meus
1134 1795 1166 1841 ιο

264 1891 443 1966 excusabit
460 1915 506 1964 eo
524 1890 681 1980 maxime,
700 1913 779 1964 cum
798 1907 924 1964 mutam
943 1890 1119 1964 mulierem

265 2007 416 2105 reperire
434 2005 670 2082 difficillimum
692 2006 745 2096 sit,
770 2024 805 2079 ut
822 2006 869 2080 ait
886 2007 1042 2081 comicus
1057 2033 1119 2082 no-

264 2141 343 2196 ster.
359 2125 438 2197 Tua
451 2147 593 2220 quoque
603 2123 802 2220 praestantia
810 2121 902 2221 apud
920 2122 1006 2198 alios
1024 2122 1119 2196 testis

190 2262 194 2269 ’
265 2238 329 2312 erit
346 2263 401 2312 me
419 2255 480 2312 tuo
507 2240 642 2312 hortatu
660 2254 696 2312 et
713 2237 851 2312 Antonii
879 2238 988 2313 fratris
1011 2240 1119 2312 Lava-

264 2354 428 2452 gnolique
459 2354 564 2428 nostri
596 2353 741 2452 impulsu
760 2354 931 2429 invitatam
959 2356 1048 2429 hanc
1074 2353 1118 2428 ad
1135 2380 1160 2433 ¹5

266 2487 300 2543 te
318 2469 529 2567 provinciam
555 2469 728 2545 scribendi
746 2469 940 2567 sumpsisse.
970 2470 1119 2543 Renuis-

265 2609 338 2658 sem
357 2585 518 2683 profecto
536 2588 605 2659 hoc
622 2610 721 2674 onus,
739 2609 782 2659 ac
799 2609 883 2659 sane
904 2586 1037 2676 lubens,
1055 2583 1118 2659 sed

266 2700 366 2775 malui
384 2700 565 2799 impudens
579 2700 720 2775 iudicari
734 2726 836 2799 quam
855 2700 1041 2799 praeceptis
1055 2700 1119 2775 tuis

313 2902 346 2966 (1)
362 2903 404 2965 ne]
422 2916 477 2952 mm
494 2904 522 2963 Ε,
541 2904 608 2952 enim
627 2905 654 2950 V.
680 2903 816 2952 obiiciatur
827 2904 879 2951 EV.
901 2903 935 2966 (a)
947 2902 1119 2953 Reverendis-

265 2983 330 3032 simo
351 2985 379 3031 E.
411 2992 464 3032 tum
489 2985 518 3031 Ε.
559 2982 593 3048 (3)
608 2992 757 3032 sumotenus
774 2982 886 3032 nundum
900 2984 938 3032 M.
983 2982 1071 3046 attingi
1087 2983 1118 3032 C.

264 3062 407 3127 (4)audiam
416 3062 446 3112 C.
479 3062 756 3127 (5)examinandaCM.
792 3062 825 3126 (8)
835 3075 935 3112 summo
948 3063 975 3110 V,
1011 3061 1045 3125 (9)
1053 3063 1119 3110 sien-

265 3144 305 3192 cia
312 3142 373 3192 CM,
399 3145 449 3206 (ro)
456 3151 519 3206 aput
529 3144 593 3193 GM.
613 3144 668 3206 ipse
679 3157 750 3192 omm.
761 3143 814 3191 EV.
848 3142 1070 3206 (12)difflcilmrum
1079 3144 1116 3192 Μ.

265 3221 316 3288 (13)
329 3231 392 3285 aput
400 3223 465 3272 GM.
483 3221 533 3286 (14)
540 3223 659 3271 Anthonii
670 3224 703 3272 G.
728 3221 776 3284 (ιφ
788 3223 825 3286 15)
833 3222 862 3270 fr.
873 3231 899 3271 et
909 3222 1044 3286 Lavagnoti
1054 3237 1077 3271 n.
1088 3224 1116 3270 Ε.

266 3302 437 3366 lauaglolique
461 3303 493 3351 G.
539 3303 589 3367 (ις)
612 3303 746 3364 imputsum
771 3304 804 3352 G.
852 3311 971 3352 mutatam
996 3302 1026 3362 C,
1060 3302 1120 3350 invi-

218 3374 222 3381 ’
266 3389 317 3430 tata
333 3382 371 3430 M.
406 3379 966 3444 (15.16)adtehach..(1t>)provintiam
978 3381 1119 3431 cusum·

265 3461 330 3509 sisse
353 3461 386 3510 G.
434 3462 562 3510 renuisem
577 3461 607 3521 C,
636 3463 793 3511 rennuissem
818 3464 852 3513 G.
886 3462 936 3527 (17)
953 3463 1035 3512 libens
1052 3462 1116 3512 GM.

266 3548 306 3588 set
325 3540 381 3589 GV.
415 3540 553 3603 (18Jmalui
571 3543 649 3603 magis
664 3543 724 3604 imp.
742 3543 775 3591 G.
810 3542 957 3606 imprudens
971 3544 1023 3592 BV.
