2850 4694
668 583 734 625 XLVl

273 737 331 835 qui
350 736 514 826 debebat,
538 762 615 810 cum
644 739 787 812 Graecae
805 737 930 836 linguae
950 737 1066 836 ignara
1083 737 1126 811 ad

273 855 424 928 Graecos
442 854 555 929 fontes
581 853 741 952 progredi
761 879 829 928 non
853 871 972 952 posset
993 871 1029 927 et
1053 854 1128 926 Ari-

272 969 506 1044 stotelicorum
541 994 684 1066 operum
719 970 842 1058 versio,
869 995 970 1068 quam
999 972 1128 1044 Laurus

274 1085 425 1182 parabat,
456 1083 606 1158 nondum
634 1087 745 1158 lucem
776 1083 925 1159 vidisset.
954 1087 1125 1159 Thomam

272 1199 477 1297 Aquinatem
505 1215 723 1273 autemeam
754 1224 832 1273 esse
862 1225 934 1297 quo
962 1200 1054 1274 duce
1083 1225 1126 1273 ac

273 1333 410 1391 rectore
435 1315 639 1389 Aristoteles
655 1332 691 1389 et
716 1316 877 1390 Averrois
899 1316 1059 1391 facillime
1078 1316 1127 1388 in·

273 1432 388 1530 tellegi
431 1431 563 1530 possint
604 1448 640 1505 et
674 1432 884 1506 Ciceronem
927 1432 1126 1507 continuum

273 1571 392 1622 eorum
427 1547 485 1644 qui
521 1547 751 1646 philosophiae
784 1547 899 1621 studio
930 1547 1127 1621 incumbant

271 1664 432 1761 pabulum
459 1687 537 1737 esse
562 1661 705 1752 debere,
733 1662 822 1736 sacili
851 1663 993 1760 negotio
1028 1662 1126 1740 intel,-

270 1777 402 1877 legitur.

319 1897 421 1968 Anno
436 1893 662 1995 1450iubileo
673 1896 763 1966 lsota
772 1892 815 1966 ad
830 1911 965 1990 tempus
978 1918 999 1966 a
1012 1892 1127 1967 studio

272 2010 502 2108 philosophiae
544 2027 580 2083 et
626 2009 813 2106 theologia:-
860 2025 1005 2082 avocata
1047 2033 1125 2082 esse

270 2125 413 2201 videtur.
446 2127 498 2200 Eo
531 2125 621 2199 enim
648 2149 739 2198 anno
765 2149 844 2197 cum
870 2123 1022 2221 plurimis
1047 2123 1124 2196 viris

271 2240 474 2340 seminisque
508 2241 637 2338 pietate
675 2238 860 2337 insignibus
903 2242 1052 2313 Romam
1087 2264 1125 2312 se

272 2357 462 2445 οοιιῑυίὶῑ,61
498 2374 535 2430 ut
568 2355 612 2430 ad
642 2356 878 2453 apostolorum
909 2355 1023 2428 limina
1060 2353 1124 2451 piis

272 2471 432 2569 precibus
477 2474 593 2544 Deum
629 2470 917 2568 Omnipotentem
952 2468 1121 2544 adoraret.

272 2586 343 2662 Ubi
369 2586 548 2686 praecipuo
574 2586 720 2661 lortunae
739 2585 912 2659 beneficio
929 2585 961 2658 ei
980 2584 1125 2680 contigit

272 2700 604 2800 utapudNicolaum
616 2702 784 2802 Quintum
797 2699 1124 2774 PontificemMaxi-

272 2844 363 2893 mum
380 2842 512 2893 summa
528 2841 606 2891 cum
633 2818 784 2892 omnium
811 2818 869 2913 qui
895 2815 1039 2890 aderant
1063 2815 1125 2889 ad·

272 2933 451 3007 miratione
468 2935 675 3030 loqueretur.
705 2932 815 3033 Quod
842 2956 911 3028 qua
935 2930 1124 3005 occasione

273 3049 400 3123 lactum
418 3048 461 3122 sit
474 3047 631 3122 traditum
647 3074 714 3121 non
729 3065 793 3134 est,
805 3049 873 3120 lroc
886 3063 999 3121 autem
1015 3045 1123 3144 suspi-

225 3260 229 3268 .
272 3165 341 3239 cari
360 3164 443 3238 licet
458 3189 536 3238 eam
546 3188 624 3237 cum
635 3163 706 3237 aliis
718 3163 886 3237 nonnullis
895 3161 939 3236 ad
949 3165 1122 3235 Summum

273 3280 481 3355 Pontificem
515 3279 695 3354 admissam
730 3278 880 3355 omnium
908 3277 1124 3351 Christilide-

272 3395 351 3470 lium
378 3420 461 3493 erga
485 3398 658 3469 Summum
688 3395 893 3468 Pontificem
918 3418 1069 3467 amorem
1088 3409 1125 3465 et

271 3511 527 3586 venerationem
541 3511 751 3609 significasse
760 3510 916 3584 oratione
930 3509 1003 3582 sine
1016 3507 1124 3582 dubio
