<?xml version="1.0" encoding="UTF-8"?>
<!DOCTYPE html PUBLIC "-//W3C//DTD XHTML 1.0 Transitional//EN"
    "http://www.w3.org/TR/xhtml1/DTD/xhtml1-transitional.dtd">
<html xmlns="http://www.w3.org/1999/xhtml" xml:lang="en" lang="en">
 <head>
  <title>
</title>
<meta http-equiv="Content-Type" content="text/html;charset=utf-8" />
  <meta name='ocr-system' content='tesseract 3.04.00' />
  <meta name='ocr-capabilities' content='ocr_page ocr_carea ocr_par ocr_line ocrx_word'/>
</head>
<body>
  <div class='ocr_page' id='page_1' title='image "./isotnogarolvero00nogagoog/isotnogarolvero00nogagoog_0046.png"; bbox 0 0 2850 4694; ppageno 0'>
   <div class='ocr_carea' id='block_1_1' title="bbox 648 580 745 623">
    <p class='ocr_par' dir='ltr' id='par_1_1' title="bbox 648 580 745 623">
     <span class='ocr_line' id='line_1_1' title="bbox 648 580 745 623; baseline -0.021 0"><span class='ocrx_word' id='word_1_1' title='bbox 648 580 745 623; x_wconf 82' lang='lat' dir='ltr'>xxxvt</span> 
     </span>
    </p>
   </div>
   <div class='ocr_carea' id='block_1_2' title="bbox 269 732 1124 3606">
    <p class='ocr_par' dir='ltr' id='par_1_2' title="bbox 269 732 1124 3606">
     <span class='ocr_line' id='line_1_2' title="bbox 272 732 1122 831; baseline -0.002 -23"><span class='ocrx_word' id='word_1_2' title='bbox 272 759 391 809; x_wconf 89' lang='lat' dir='ltr'>amore</span> <span class='ocrx_word' id='word_1_3' title='bbox 404 758 487 829; x_wconf 86' lang='lat' dir='ltr'>erga</span> <span class='ocrx_word' id='word_1_4' title='bbox 499 732 588 806; x_wconf 88' lang='lat' dir='ltr'>viros</span> <span class='ocrx_word' id='word_1_5' title='bbox 606 758 681 806; x_wconf 98' lang='lat' dir='ltr'>eam</span> <span class='ocrx_word' id='word_1_6' title='bbox 693 758 841 831; x_wconf 92' lang='lat' dir='ltr'>unquam</span> <span class='ocrx_word' id='word_1_7' title='bbox 852 733 974 807; x_wconf 84' lang='lat' dir='ltr'>arsisse</span> <span class='ocrx_word' id='word_1_8' title='bbox 985 735 1122 831; x_wconf 87' lang='lat' dir='ltr'>probari</span> 
     </span>
     <span class='ocr_line' id='line_1_3' title="bbox 274 848 1123 948; baseline -0.004 -24"><span class='ocrx_word' id='word_1_9' title='bbox 274 866 393 948; x_wconf 87' lang='lat' dir='ltr'>posset</span> <span class='ocrx_word' id='word_1_10' title='bbox 403 849 469 947; x_wconf 87' lang='lat' dir='ltr'>legi</span> <span class='ocrx_word' id='word_1_11' title='bbox 485 848 765 939; x_wconf 85' lang='lat' dir='ltr'>consideraverit,</span> <span class='ocrx_word' id='word_1_12' title='bbox 781 875 986 947; x_wconf 88' lang='lat' dir='ltr'>quamquam</span> <span class='ocrx_word' id='word_1_13' title='bbox 1001 850 1123 923; x_wconf 91' lang='lat' dir='ltr'>arden-</span> 
     </span>
     <span class='ocr_line' id='line_1_4' title="bbox 272 964 1124 1039; baseline 0.001 -1"><span class='ocrx_word' id='word_1_14' title='bbox 272 965 412 1039; x_wconf 87' lang='lat' dir='ltr'>tissimae</span> <span class='ocrx_word' id='word_1_15' title='bbox 430 964 592 1038; x_wconf 85' lang='lat' dir='ltr'>amicitiae</span> <span class='ocrx_word' id='word_1_16' title='bbox 610 965 725 1038; x_wconf 92' lang='lat' dir='ltr'>verbis</span> <span class='ocrx_word' id='word_1_17' title='bbox 743 964 835 1037; x_wconf 91' lang='lat' dir='ltr'>haud</span> <span class='ocrx_word' id='word_1_18' title='bbox 862 964 967 1037; x_wconf 92' lang='lat' dir='ltr'>dubie</span> <span class='ocrx_word' id='word_1_19' title='bbox 987 966 1124 1039; x_wconf 83' lang='lat' dir='ltr'>refertae</span> 
     </span>
     <span class='ocr_line' id='line_1_5' title="bbox 272 1079 1122 1176; baseline -0.001 -22"><span class='ocrx_word' id='word_1_20' title='bbox 272 1080 499 1154; x_wconf 87' lang='lat' dir='ltr'>erantlitterae</span> <span class='ocrx_word' id='word_1_21' title='bbox 509 1104 595 1176; x_wconf 90' lang='lat' dir='ltr'>quas</span> <span class='ocrx_word' id='word_1_22' title='bbox 604 1079 649 1153; x_wconf 98' lang='lat' dir='ltr'>ad</span> <span class='ocrx_word' id='word_1_23' title='bbox 662 1079 873 1154; x_wconf 88' lang='lat' dir='ltr'>Ludovicum</span> <span class='ocrx_word' id='word_1_24' title='bbox 890 1083 1122 1154; x_wconf 87' lang='lat' dir='ltr'>Fuscarenum</span> 
     </span>
     <span class='ocr_line' id='line_1_6' title="bbox 271 1195 1123 1270; baseline 0 0"><span class='ocrx_word' id='word_1_25' title='bbox 271 1196 377 1270; x_wconf 82' lang='lat' dir='ltr'>dedit.</span> <span class='ocrx_word' id='word_1_26' title='bbox 401 1197 518 1269; x_wconf 90' lang='lat' dir='ltr'>Solum</span> <span class='ocrx_word' id='word_1_27' title='bbox 545 1195 591 1269; x_wconf 92' lang='lat' dir='ltr'>de</span> <span class='ocrx_word' id='word_1_28' title='bbox 607 1195 747 1269; x_wconf 81' lang='lat' dir='ltr'>Andrea</span> <span class='ocrx_word' id='word_1_29' title='bbox 773 1196 959 1270; x_wconf 89' lang='lat' dir='ltr'>Contrario</span> <span class='ocrx_word' id='word_1_30' title='bbox 985 1200 1123 1270; x_wconf 87' lang='lat' dir='ltr'>Veneto</span> 
     </span>
     <span class='ocr_line' id='line_1_7' title="bbox 270 1310 1124 1409; baseline 0 -24"><span class='ocrx_word' id='word_1_31' title='bbox 270 1310 455 1386; x_wconf 79' lang='lat' dir='ltr'>sacerdote</span> <span class='ocrx_word' id='word_1_32' title='bbox 474 1310 623 1385; x_wconf 86' lang='lat' dir='ltr'>nonnulli</span> <span class='ocrx_word' id='word_1_33' title='bbox 641 1310 855 1385; x_wconf 87' lang='lat' dir='ltr'>recentiores</span> <span class='ocrx_word' id='word_1_34' title='bbox 868 1312 1031 1409; x_wconf 90' lang='lat' dir='ltr'>suspicati</span> <span class='ocrx_word' id='word_1_35' title='bbox 1046 1330 1124 1385; x_wconf 92' lang='lat' dir='ltr'>sunt</span> 
     </span>
     <span class='ocr_line' id='line_1_8' title="bbox 270 1427 1123 1525; baseline 0 -24"><span class='ocrx_word' id='word_1_36' title='bbox 270 1432 395 1502; x_wconf 85' lang='lat' dir='ltr'>lsotam</span> <span class='ocrx_word' id='word_1_37' title='bbox 418 1427 492 1500; x_wconf 91' lang='lat' dir='ltr'>eius</span> <span class='ocrx_word' id='word_1_38' title='bbox 518 1452 636 1501; x_wconf 92' lang='lat' dir='ltr'>amore</span> <span class='ocrx_word' id='word_1_39' title='bbox 662 1444 798 1525; x_wconf 84' lang='lat' dir='ltr'>captam</span> <span class='ocrx_word' id='word_1_40' title='bbox 827 1452 916 1518; x_wconf 88' lang='lat' dir='ltr'>esse,</span> <span class='ocrx_word' id='word_1_41' title='bbox 935 1445 970 1501; x_wconf 91' lang='lat' dir='ltr'>at</span> <span class='ocrx_word' id='word_1_42' title='bbox 988 1446 1123 1501; x_wconf 89' lang='lat' dir='ltr'>constat</span> 
     </span>
     <span class='ocr_line' id='line_1_9' title="bbox 269 1542 1123 1641; baseline -0.001 -25"><span class='ocrx_word' id='word_1_43' title='bbox 269 1543 397 1617; x_wconf 88' lang='lat' dir='ltr'>litteras</span> <span class='ocrx_word' id='word_1_44' title='bbox 439 1542 563 1641; x_wconf 90' lang='lat' dir='ltr'>quibus</span> <span class='ocrx_word' id='word_1_45' title='bbox 606 1544 683 1616; x_wconf 83' lang='lat' dir='ltr'>lraec</span> <span class='ocrx_word' id='word_1_46' title='bbox 721 1543 923 1617; x_wconf 92' lang='lat' dir='ltr'>coniectura</span> <span class='ocrx_word' id='word_1_47' title='bbox 954 1543 1123 1617; x_wconf 85' lang='lat' dir='ltr'>nitebatur</span> 
     </span>
     <span class='ocr_line' id='line_1_10' title="bbox 272 1657 1121 1756; baseline -0.001 -23"><span class='ocrx_word' id='word_1_48' title='bbox 272 1686 339 1733; x_wconf 92' lang='lat' dir='ltr'>non</span> <span class='ocrx_word' id='word_1_49' title='bbox 357 1661 402 1732; x_wconf 93' lang='lat' dir='ltr'>ab</span> <span class='ocrx_word' id='word_1_50' title='bbox 420 1661 511 1731; x_wconf 85' lang='lat' dir='ltr'>lsota</span> <span class='ocrx_word' id='word_1_51' title='bbox 526 1660 715 1755; x_wconf 87' lang='lat' dir='ltr'>Nogarola‚</span> <span class='ocrx_word' id='word_1_52' title='bbox 735 1657 798 1731; x_wconf 92' lang='lat' dir='ltr'>sed</span> <span class='ocrx_word' id='word_1_53' title='bbox 815 1683 836 1731; x_wconf 98' lang='lat' dir='ltr'>a</span> <span class='ocrx_word' id='word_1_54' title='bbox 855 1659 957 1731; x_wconf 73' lang='lat' dir='ltr'>Mai.a</span> <span class='ocrx_word' id='word_1_55' title='bbox 974 1659 1121 1756; x_wconf 86' lang='lat' dir='ltr'>quadam</span> 
     </span>
     <span class='ocr_line' id='line_1_11' title="bbox 271 1772 1121 1872; baseline -0.002 -24"><span class='ocrx_word' id='word_1_56' title='bbox 271 1778 362 1848; x_wconf 91' lang='lat' dir='ltr'>lsota</span> <span class='ocrx_word' id='word_1_57' title='bbox 391 1772 535 1871; x_wconf 89' lang='lat' dir='ltr'>scriptas</span> <span class='ocrx_word' id='word_1_58' title='bbox 565 1798 654 1864; x_wconf 82' lang='lat' dir='ltr'>osse,</span> <span class='ocrx_word' id='word_1_59' title='bbox 682 1800 762 1872; x_wconf 89' lang='lat' dir='ltr'>quae</span> <span class='ocrx_word' id='word_1_60' title='bbox 788 1775 882 1848; x_wconf 90' lang='lat' dir='ltr'>circa</span> <span class='ocrx_word' id='word_1_61' title='bbox 907 1800 937 1847; x_wconf 92' lang='lat' dir='ltr'>a.</span> <span class='ocrx_word' id='word_1_62' title='bbox 972 1776 1059 1870; x_wconf 80' lang='lat'>1462</span> <span class='ocrx_word' id='word_1_63' title='bbox 1089 1776 1121 1847; x_wconf 90' lang='lat' dir='ltr'>in</span> 
     </span>
     <span class='ocr_line' id='line_1_12' title="bbox 273 1889 1121 1988; baseline 0 -25"><span class='ocrx_word' id='word_1_64' title='bbox 273 1889 482 1964; x_wconf 89' lang='lat' dir='ltr'>monasterio</span> <span class='ocrx_word' id='word_1_65' title='bbox 500 1915 611 1988; x_wconf 93' lang='lat' dir='ltr'>prope</span> <span class='ocrx_word' id='word_1_66' title='bbox 634 1890 842 1964; x_wconf 90' lang='lat' dir='ltr'>Florentiam</span> <span class='ocrx_word' id='word_1_67' title='bbox 870 1890 1019 1964; x_wconf 87' lang='lat' dir='ltr'>educata</span> <span class='ocrx_word' id='word_1_68' title='bbox 1037 1909 1121 1981; x_wconf 88' lang='lat' dir='ltr'>erat,</span> 
     </span>
     <span class='ocr_line' id='line_1_13' title="bbox 272 2004 1120 2103; baseline 0 -25"><span class='ocrx_word' id='word_1_69' title='bbox 272 2004 363 2079; x_wconf 89' lang='lat' dir='ltr'>unde</span> <span class='ocrx_word' id='word_1_70' title='bbox 392 2005 591 2103; x_wconf 81' lang='lat' dir='ltr'>[requenter</span> <span class='ocrx_word' id='word_1_71' title='bbox 619 2005 664 2078; x_wconf 95' lang='lat' dir='ltr'>ad</span> <span class='ocrx_word' id='word_1_72' title='bbox 689 2005 861 2079; x_wconf 81' lang='lat' dir='ltr'>Andream</span> <span class='ocrx_word' id='word_1_73' title='bbox 889 2007 1120 2096; x_wconf 81' lang='lat' dir='ltr'>Contrarium,</span> 
     </span>
     <span class='ocr_line' id='line_1_14' title="bbox 271 2120 1120 2219; baseline -0.002 -24"><span class='ocrx_word' id='word_1_74' title='bbox 271 2120 329 2218; x_wconf 94' lang='lat' dir='ltr'>qui</span> <span class='ocrx_word' id='word_1_75' title='bbox 352 2137 423 2194; x_wconf 92' lang='lat' dir='ltr'>tum</span> <span class='ocrx_word' id='word_1_76' title='bbox 449 2146 561 2219; x_wconf 90' lang='lat' dir='ltr'>prope</span> <span class='ocrx_word' id='word_1_77' title='bbox 585 2121 762 2219; x_wconf 86' lang='lat' dir='ltr'>sexaginta</span> <span class='ocrx_word' id='word_1_78' title='bbox 787 2146 895 2195; x_wconf 90' lang='lat' dir='ltr'>annos</span> <span class='ocrx_word' id='word_1_79' title='bbox 923 2138 1019 2194; x_wconf 87' lang='lat' dir='ltr'>natus</span> <span class='ocrx_word' id='word_1_80' title='bbox 1038 2140 1120 2213; x_wconf 90' lang='lat' dir='ltr'>erat,</span> 
     </span>
     <span class='ocr_line' id='line_1_15' title="bbox 271 2235 1121 2337; baseline 0.002 -28"><span class='ocrx_word' id='word_1_81' title='bbox 271 2236 399 2311; x_wconf 85' lang='lat' dir='ltr'>litteras</span> <span class='ocrx_word' id='word_1_82' title='bbox 416 2236 582 2310; x_wconf 91' lang='lat' dir='ltr'>amatorie</span> <span class='ocrx_word' id='word_1_83' title='bbox 599 2236 743 2335; x_wconf 88' lang='lat' dir='ltr'>scriptas</span> <span class='ocrx_word' id='word_1_84' title='bbox 761 2235 867 2310; x_wconf 90' lang='lat' dir='ltr'>dedit.</span> <span class='ocrx_word' id='word_1_85' title='bbox 880 2247 905 2297; x_wconf 74' lang='lat'>55</span> <span class='ocrx_word' id='word_1_86' title='bbox 923 2239 1039 2337; x_wconf 87' lang='lat' dir='ltr'>Quam</span> <span class='ocrx_word' id='word_1_87' title='bbox 1052 2264 1121 2311; x_wconf 92' lang='lat' dir='ltr'>ma-</span> 
     </span>
     <span class='ocr_line' id='line_1_16' title="bbox 271 2351 1122 2450; baseline 0.001 -25"><span class='ocrx_word' id='word_1_88' title='bbox 271 2352 362 2425; x_wconf 90' lang='lat' dir='ltr'>xime</span> <span class='ocrx_word' id='word_1_89' title='bbox 376 2351 476 2450; x_wconf 89' lang='lat' dir='ltr'>igitur</span> <span class='ocrx_word' id='word_1_90' title='bbox 493 2352 674 2450; x_wconf 90' lang='lat' dir='ltr'>probabile</span> <span class='ocrx_word' id='word_1_91' title='bbox 688 2370 751 2442; x_wconf 89' lang='lat' dir='ltr'>est,</span> <span class='ocrx_word' id='word_1_92' title='bbox 774 2352 934 2425; x_wconf 90' lang='lat' dir='ltr'>Damiani</span> <span class='ocrx_word' id='word_1_93' title='bbox 953 2354 1122 2450; x_wconf 91' lang='lat' dir='ltr'>suspicio-</span> 
     </span>
     <span class='ocr_line' id='line_1_17' title="bbox 272 2467 1120 2566; baseline -0.001 -25"><span class='ocrx_word' id='word_1_94' title='bbox 272 2493 351 2541; x_wconf 92' lang='lat' dir='ltr'>nem</span> <span class='ocrx_word' id='word_1_95' title='bbox 377 2492 498 2541; x_wconf 91' lang='lat' dir='ltr'>vanam</span> <span class='ocrx_word' id='word_1_96' title='bbox 525 2468 628 2541; x_wconf 86' lang='lat' dir='ltr'>luisse</span> <span class='ocrx_word' id='word_1_97' title='bbox 654 2486 689 2541; x_wconf 89' lang='lat' dir='ltr'>et</span> <span class='ocrx_word' id='word_1_98' title='bbox 706 2467 751 2542; x_wconf 91' lang='lat' dir='ltr'>ad</span> <span class='ocrx_word' id='word_1_99' title='bbox 768 2470 909 2542; x_wconf 92' lang='lat' dir='ltr'>alteram</span> <span class='ocrx_word' id='word_1_100' title='bbox 927 2468 1120 2566; x_wconf 90' lang='lat' dir='ltr'>epistolam,</span> 
     </span>
     <span class='ocr_line' id='line_1_18' title="bbox 273 2582 1122 2682; baseline -0.002 -24"><span class='ocrx_word' id='word_1_101' title='bbox 273 2609 375 2682; x_wconf 93' lang='lat' dir='ltr'>quam</span> <span class='ocrx_word' id='word_1_102' title='bbox 393 2586 545 2657; x_wconf 85' lang='lat' dir='ltr'>Veronae</span> <span class='ocrx_word' id='word_1_103' title='bbox 570 2582 628 2657; x_wconf 89' lang='lat' dir='ltr'>die</span> <span class='ocrx_word' id='word_1_104' title='bbox 649 2586 690 2657; x_wconf 89' lang='lat' dir='ltr'>V.</span> <span class='ocrx_word' id='word_1_105' title='bbox 716 2584 841 2658; x_wconf 88' lang='lat' dir='ltr'>mensis</span> <span class='ocrx_word' id='word_1_106' title='bbox 865 2584 949 2658; x_wconf 90' lang='lat' dir='ltr'>Maii</span> <span class='ocrx_word' id='word_1_107' title='bbox 972 2609 1001 2657; x_wconf 90' lang='lat' dir='ltr'>a.</span> <span class='ocrx_word' id='word_1_108' title='bbox 1033 2610 1122 2681; x_wconf 74' lang='lat'>¹439</span> 
     </span>
     <span class='ocr_line' id='line_1_19' title="bbox 272 2698 1122 2798; baseline 0.001 -26"><span class='ocrx_word' id='word_1_109' title='bbox 272 2698 467 2773; x_wconf 80' lang='lat' dir='ltr'>decadem</span> <span class='ocrx_word' id='word_1_110' title='bbox 494 2724 531 2772; x_wconf 88' lang='lat' dir='ltr'>re</span> <span class='ocrx_word' id='word_1_111' title='bbox 557 2698 601 2773; x_wconf 93' lang='lat' dir='ltr'>ad</span> <span class='ocrx_word' id='word_1_112' title='bbox 628 2703 753 2785; x_wconf 84' lang='lat' dir='ltr'>lsotam</span> <span class='ocrx_word' id='word_1_113' title='bbox 779 2700 927 2798; x_wconf 87' lang='lat' dir='ltr'>scripsit,</span> <span class='ocrx_word' id='word_1_114' title='bbox 948 2700 1122 2773; x_wconf 87' lang='lat' dir='ltr'>Damiano</span> 
     </span>
     <span class='ocr_line' id='line_1_20' title="bbox 272 2815 1121 2914; baseline -0.001 -26"><span class='ocrx_word' id='word_1_115' title='bbox 272 2815 319 2888; x_wconf 90' lang='lat' dir='ltr'>ita</span> <span class='ocrx_word' id='word_1_116' title='bbox 340 2830 542 2914; x_wconf 83' lang='lat' dir='ltr'>responsum</span> <span class='ocrx_word' id='word_1_117' title='bbox 576 2839 665 2906; x_wconf 90' lang='lat' dir='ltr'>esse,</span> <span class='ocrx_word' id='word_1_118' title='bbox 698 2832 733 2889; x_wconf 94' lang='lat' dir='ltr'>ut</span> <span class='ocrx_word' id='word_1_119' title='bbox 767 2818 856 2889; x_wconf 90' lang='lat' dir='ltr'>hanc</span> <span class='ocrx_word' id='word_1_120' title='bbox 890 2815 1121 2914; x_wconf 90' lang='lat' dir='ltr'>suspicionem</span> 
     </span>
     <span class='ocr_line' id='line_1_21' title="bbox 272 2930 1122 3030; baseline -0.001 -27"><span class='ocrx_word' id='word_1_121' title='bbox 272 2954 410 3029; x_wconf 89' lang='lat' dir='ltr'>prorsus</span> <span class='ocrx_word' id='word_1_122' title='bbox 435 2930 619 3004; x_wconf 89' lang='lat' dir='ltr'>omitteret.</span> <span class='ocrx_word' id='word_1_123' title='bbox 641 2933 826 3030; x_wconf 92' lang='lat' dir='ltr'>Nunquam</span> <span class='ocrx_word' id='word_1_124' title='bbox 845 2930 934 3005; x_wconf 93' lang='lat' dir='ltr'>enim</span> <span class='ocrx_word' id='word_1_125' title='bbox 955 2931 986 3002; x_wconf 92' lang='lat' dir='ltr'>in</span> <span class='ocrx_word' id='word_1_126' title='bbox 1004 2930 1122 3003; x_wconf 92' lang='lat' dir='ltr'>litteris</span> 
     </span>
     <span class='ocr_line' id='line_1_22' title="bbox 272 3045 1123 3144; baseline -0.001 -25"><span class='ocrx_word' id='word_1_127' title='bbox 272 3047 419 3144; x_wconf 91' lang='lat' dir='ltr'>posthac</span> <span class='ocrx_word' id='word_1_128' title='bbox 444 3045 579 3143; x_wconf 89' lang='lat' dir='ltr'>scriptis</span> <span class='ocrx_word' id='word_1_129' title='bbox 601 3049 725 3120; x_wconf 84' lang='lat' dir='ltr'>lsotam</span> <span class='ocrx_word' id='word_1_130' title='bbox 743 3049 809 3120; x_wconf 90' lang='lat' dir='ltr'>hac</span> <span class='ocrx_word' id='word_1_131' title='bbox 826 3047 1023 3144; x_wconf 90' lang='lat' dir='ltr'>suspicione</span> <span class='ocrx_word' id='word_1_132' title='bbox 1045 3072 1123 3143; x_wconf 89' lang='lat' dir='ltr'>per-</span> 
     </span>
     <span class='ocr_line' id='line_1_23' title="bbox 272 3159 1122 3259; baseline 0.004 -27"><span class='ocrx_word' id='word_1_133' title='bbox 272 3160 436 3256; x_wconf 86' lang='lat' dir='ltr'>sequitur,</span> <span class='ocrx_word' id='word_1_134' title='bbox 462 3160 526 3234; x_wconf 90' lang='lat' dir='ltr'>sed</span> <span class='ocrx_word' id='word_1_135' title='bbox 545 3159 651 3235; x_wconf 93' lang='lat' dir='ltr'>modo</span> <span class='ocrx_word' id='word_1_136' title='bbox 667 3162 792 3259; x_wconf 87' lang='lat' dir='ltr'>gratias</span> <span class='ocrx_word' id='word_1_137' title='bbox 817 3162 849 3235; x_wconf 91' lang='lat' dir='ltr'>ei</span> <span class='ocrx_word' id='word_1_138' title='bbox 876 3162 947 3259; x_wconf 85' lang='lat' dir='ltr'>agit</span> <span class='ocrx_word' id='word_1_139' title='bbox 964 3161 1058 3259; x_wconf 92' lang='lat' dir='ltr'>quod</span> <span class='ocrx_word' id='word_1_140' title='bbox 1077 3161 1122 3235; x_wconf 89' lang='lat' dir='ltr'>de</span> 
     </span>
     <span class='ocr_line' id='line_1_24' title="bbox 272 3274 1123 3374; baseline -0.001 -25"><span class='ocrx_word' id='word_1_141' title='bbox 272 3275 372 3349; x_wconf 91' lang='lat' dir='ltr'>amici</span> <span class='ocrx_word' id='word_1_142' title='bbox 388 3274 580 3350; x_wconf 91' lang='lat' dir='ltr'>infirmitate</span> <span class='ocrx_word' id='word_1_143' title='bbox 596 3276 794 3374; x_wconf 88' lang='lat' dir='ltr'>gravissima</span> <span class='ocrx_word' id='word_1_144' title='bbox 810 3277 1029 3350; x_wconf 90' lang='lat' dir='ltr'>condoluerit</span> <span class='ocrx_word' id='word_1_145' title='bbox 1043 3275 1123 3371; x_wconf 90' lang='lat' dir='ltr'>(Ve-</span> 
     </span>
     <span class='ocr_line' id='line_1_25' title="bbox 273 3390 1121 3490; baseline 0 -27"><span class='ocrx_word' id='word_1_146' title='bbox 273 3416 379 3480; x_wconf 84' lang='lat' dir='ltr'>ronae,</span> <span class='ocrx_word' id='word_1_147' title='bbox 413 3394 460 3464; x_wconf 91' lang='lat' dir='ltr'>X.</span> <span class='ocrx_word' id='word_1_148' title='bbox 487 3394 581 3490; x_wconf 81' lang='lat' dir='ltr'>Sept.</span> <span class='ocrx_word' id='word_1_149' title='bbox 616 3392 729 3489; x_wconf 73' lang='lat'>1439),</span> <span class='ocrx_word' id='word_1_150' title='bbox 762 3390 868 3465; x_wconf 90' lang='lat' dir='ltr'>modo</span> <span class='ocrx_word' id='word_1_151' title='bbox 889 3392 1121 3488; x_wconf 88' lang='lat' dir='ltr'>conqueritur,</span> 
     </span>
     <span class='ocr_line' id='line_1_26' title="bbox 273 3503 1121 3606; baseline 0.004 -28"><span class='ocrx_word' id='word_1_152' title='bbox 273 3503 543 3605; x_wconf 72' lang='lat' dir='ltr'>quod&#39;laudibus</span> <span class='ocrx_word' id='word_1_153' title='bbox 559 3505 628 3581; x_wconf 88' lang='lat' dir='ltr'>suis</span> <span class='ocrx_word' id='word_1_154' title='bbox 647 3531 715 3580; x_wconf 94' lang='lat' dir='ltr'>non</span> <span class='ocrx_word' id='word_1_155' title='bbox 731 3507 905 3606; x_wconf 86' lang='lat' dir='ltr'>glorietur,</span> <span class='ocrx_word' id='word_1_156' title='bbox 925 3507 1121 3605; x_wconf 91' lang='lat' dir='ltr'>quinetiam</span> 
     </span>
    </p>
   </div>
   <div class='ocr_carea' id='block_1_3' title="bbox 0 0 1430 4694">
    <p class='ocr_par' dir='ltr' id='par_1_3' title="bbox 0 0 1430 4694">
     <span class='ocr_line' id='line_1_27' title="bbox 0 0 1430 4694; baseline 0 0"><span class='ocrx_word' id='word_1_157' title='bbox 0 0 1430 4694; x_wconf 95' lang='lat' dir='ltr'> </span> 
     </span>
    </p>
   </div>
  </div>
 </body>
</html>
