2850 4694
729 566 767 623 80

317 759 468 807 aerumna
495 735 637 821 afficior,
658 752 692 808 ut
723 735 802 807 nihil
821 759 933 831 supra,
952 759 1030 806 cum
1049 734 1169 831 cogito

251 871 256 889 ·
318 866 352 921 te
371 850 449 921 mihi
467 876 604 947 aequum
624 851 656 924 in
675 851 862 924 scribendo
881 876 948 923 non
968 850 1166 947 praebuisse.

318 964 485 1037 Profecto
504 965 582 1038 mihi
599 966 825 1064 praesagiebat
838 966 968 1039 animus
983 990 1037 1037 me
1048 965 1169 1038 frustra

315 1080 358 1153 ad
387 1099 420 1154 te
446 1081 609 1171 scribere,
638 1106 716 1154 cum
735 1081 948 1165 scribebam;
976 1106 1092 1153 verum
1112 1097 1168 1153 tua

290 1224 298 1271 s
316 1197 504 1269 humanitas
530 1196 574 1270 ad
602 1196 635 1270 id
661 1222 716 1269 me
734 1197 887 1295 pellexit,
906 1196 1068 1294 quoniam
1088 1196 1167 1268 mihi

315 1314 474 1386 veniebat
501 1313 533 1384 in
553 1331 701 1386 mentem
721 1314 850 1387 dictum
870 1313 951 1386 illud
970 1312 1166 1399 Ciceronis,

315 1428 372 1524 qui
392 1445 519 1515 monet,
544 1447 579 1501 ut
597 1446 727 1525 quanto
747 1454 810 1502 nos
827 1429 1022 1525 superiores
1040 1453 1167 1516 sumus,

315 1560 410 1616 tanto
438 1569 500 1617 nos
527 1570 685 1641 geramus
711 1544 917 1617 submissius.
937 1547 1064 1616 Verum
1083 1544 1167 1617 ede-

315 1660 372 1756 pol
399 1657 502 1731 video
529 1677 620 1731 tuum
648 1660 818 1757 ingenium
845 1658 1054 1731 immutatum
1089 1684 1167 1731 esse

272 1791 418 1871 tuteque
445 1776 489 1847 ab
515 1774 611 1847 dicto
639 1775 696 1848 iilo
722 1774 911 1848 dissentire.
945 1772 1165 1864 Gaudebam‚

314 1914 392 1962 cum
404 1892 492 1962 hanc
511 1891 554 1962 ad
574 1908 607 1962 te
626 1889 726 1978 dedi3
746 1890 933 1963 arbitrabar
950 1888 1112 1986 equidem
1133 1889 1166 1962 id

312 2004 412 2078 valde
438 2005 481 2079 ad
508 2005 643 2079 laudem
673 2032 781 2079 meam
800 2005 983 2103 pertinere,
1002 2004 1165 2101 quoniam

314 2122 510 2195 testimonio
528 2123 708 2196 sententiae
727 2140 794 2195 tuae
810 2121 887 2194 nihil
903 2139 975 2194 erat
994 2120 1089 2218 quod
1109 2148 1164 2194 me

312 2256 503 2311 assecutam
522 2263 680 2311 essenon
696 2255 861 2334 putarem.
884 2239 987 2309 Nunc
1002 2239 1059 2334 pol
1075 2262 1165 2308 moe-

271 2378 295 2429 ιε
313 2378 407 2426 rores
432 2371 649 2426 antevortunt
674 2351 817 2450 gaudiis
844 2378 921 2425 cum
952 2353 1049 2425 aliter
1083 2378 1164 2425 eve-

312 2468 383 2541 nire
403 2468 595 2566 inteiligam.
616 2472 688 2542 Usa
706 2493 779 2542 sum
799 2486 832 2541 te
852 2468 1018 2564 nequiore
1036 2493 1164 2564 meque

359 2744 367 2799 s
371 2744 392 2801 1)
410 2757 534 2805 erumpna
545 2744 571 2791 Ρ.
590 2743 688 2792 efficior
699 2743 729 2792 C.
748 2756 826 2803 quom
839 2743 875 2790 D.
910 2748 942 2805 (2.
956 2740 977 2801 3)
989 2742 1063 2804 preb.
1077 2744 1162 2792 iocum

311 2823 377 2885 proi.
391 2826 423 2873 R.
458 2824 492 2886 (3)
504 2824 647 2887 proiagibnt
659 2825 688 2882 C,
708 2824 853 2886 presagibut
866 2823 976 2872 DMPR.
1004 2820 1037 2883 (a)
1047 2823 1081 2872 de
1093 2832 1120 2871 te
1132 2826 1160 2871 V.

310 2917 368 2953 cum
384 2904 538 2965 scribebam]
555 2903 749 2953 conscribebum
766 2904 796 2957 C.
826 2902 984 2952 conscribam
1001 2904 1064 2961 GM,
1084 2916 1162 2964 quem

309 2983 453 3032 scribebam
462 2985 493 3042 R,
510 2997 559 3032 non
574 2997 623 3032 scr.
634 2996 661 3032 ar
670 2996 727 3032 cum
740 2997 788 3032 scr.
807 2986 834 3030 V.
869 2981 900 3043 (4.
913 2986 934 3044 ς)
946 2992 989 3031 tua
1000 2984 1115 3031 voluntas
1128 2985 1159 3040 R,

311 3065 450 3112 humanitas
468 3073 510 3112 tua
525 3066 551 3111 V.
587 3062 621 3125 (ς)
645 3065 729 3112 attexit
754 3065 780 3112 P.
810 3064 939 3125 quoniam}
957 3077 1034 3123 quum
1052 3063 1113 3111 iilud
1132 3065 1158 3112 Ρ.

310 3146 344 3203 (ό)
370 3144 440 3192 ἰΙῙυά1
466 3144 490 3192 id
517 3146 547 3192 R.
577 3143 672 3192 dictum
697 3143 757 3191 illud
782 3157 827 3192 om.
847 3145 872 3191 Ρ.
908 3142 942 3203 (7)
959 3143 1003 3204 qui
1021 3157 1061 3190 me
1079 3157 1110 3190 m.
1130 3145 1158 3190 V.

310 3224 343 3286 (8)
360 3224 516 3272 summissius
534 3224 590 3277 CG,
609 3222 727 3271 sumisius
744 3223 780 3279 D,
799 3223 929 3273 sumissius
948 3225 975 3270 V.
1018 3223 1051 3283 (9)
1072 3223 1158 3271 inmut.

309 3305 365 3352 MP.
385 3304 461 3368 (loia
479 3305 542 3353 GM.
568 3304 611 3351 illo
628 3303 698 3352 dicto
715 3305 746 3352 R.
766 3303 929 3352 disent.DV.
964 3304 1013 3366 (rr)
1031 3317 1108 3364 quom
1122 3304 1157 3351 D.

310 3384 354 3432 bes
374 3386 400 3431 V.
436 3385 485 3447 (η)
502 3392 664 3444 assequutam
683 3385 713 3432 R.
751 3385 826 3433 Nunc
843 3383 939 3445 edepol
956 3385 993 3432 D.
1028 3382 1159 3444 (uiante-

308 3470 407 3511 vortant
420 3465 453 3522 G,
472 3477 517 3510 om.
531 3464 554 3510 Ρ
568 3462 592 3510 in
609 3461 703 3511 benno.
724 3476 802 3523 quom
824 3463 858 3509 D.
902 3462 951 3511 (1⁶1
977 3463 1102 3525 inteligam
1119 3463 1157 3522 D,

309 3542 455 3604 inteiiigoP.
491 3542 544 3589 uisa
556 3544 582 3589 V.
619 3543 798 3603 nequircGM.
833 3542 953 3603 mequod
971 3543 1001 3591 C.
