2850 4694
870 622 908 682 74

460 791 564 848 tantae
581 774 792 872 eloquentiae
809 773 968 848 adductis
985 775 1214 872 certatimque
1230 798 1313 849 eum

459 889 674 964 laudantibus
698 890 901 988 Apollonius
928 890 1001 988 ipse
1023 916 1089 965 nec
1107 916 1152 965 eo
1170 891 1313 966 dicente

459 1006 591 1104 signum
605 1006 746 1103 aliquod
764 1007 893 1081 laetitiae
911 1032 984 1104 prae
1000 1034 1039 1082 se
1057 1008 1131 1081 tulit
1148 1033 1215 1081 nec
1233 1033 1313 1105 per²

459 1139 555 1195 orata
580 1146 685 1195 causa
712 1122 829 1220 utique
854 1121 1014 1212 laudavit,
1032 1122 1095 1197 sed
1117 1122 1173 1196 diu
1191 1148 1311 1197 secum

434 1238 582 1313 §tacitus
617 1238 771 1335 perstitit.
808 1239 898 1311 Cum
927 1238 1054 1335 itaque,
1082 1257 1117 1311 ut
1142 1263 1205 1337 par
1225 1258 1311 1328 erat,

458 1378 579 1427 omnes
600 1353 820 1450 Apollonium
846 1354 1057 1427 intuerentur
1086 1379 1129 1428 ac
1147 1354 1310 1429 iudicium

458 1469 531 1542 eius
558 1486 794 1566 expectarent,
821 1468 959 1542 tandem
986 1486 1088 1567 rupto
1106 1470 1242 1545 silentio
1260 1471 1311 1544 sic

459 1583 584 1681 inquit:
622 1586 696 1681 Ego
727 1601 761 1657 te
794 1583 898 1657 laudo
923 1601 960 1657 et
984 1583 1145 1675 admiror,
1165 1586 1308 1661 Cicero.

460 1698 571 1799 Quod
607 1717 720 1772 autem
760 1723 864 1772 causa
894 1717 1054 1797 perorata
1088 1718 1155 1774 tam
1186 1701 1312 1776 diutius

416 1839 447 1876 ιο
459 1814 634 1903 tacuerim,
664 1813 826 1887 doloret
863 1814 1118 1889 commiseratio
1147 1816 1309 1913 quaedam

457 1929 583 2002 effecit.
605 1930 824 2026 Repetebam
842 1954 991 2026 namque
1009 1930 1236 2028 ipsemecum
1254 1957 1311 2005 su·

458 2046 595 2143 periora
621 2062 786 2141 tempora,
813 2062 849 2118 et
873 2046 974 2119 armis
999 2063 1036 2120 et
1060 2048 1311 2145 gubernatione

458 2185 568 2233 rerum
604 2160 815 2257 publicarum
849 2177 886 2234 et
920 2161 1077 2236 institutis
1110 2162 1312 2238 domesticis

459 2278 610 2349 Graecos
652 2300 724 2372 prae
757 2276 882 2350 ceteris
916 2277 1110 2351 nationibus
1143 2278 1309 2352 floruisse.

416 2418 442 2470 ις
459 2391 598 2492 Quibus
622 2390 656 2463 in
674 2391 776 2464 rebus
795 2391 893 2465 nobis
912 2392 1060 2466 Romani
1079 2394 1224 2489 palmam
1243 2393 1310 2467 iam

459 2505 591 2603 pridem
609 2530 690 2579 vera
705 2525 742 2579 et
759 2505 949 2581 incredibili
968 2507 1089 2581 virtute
1106 2525 1311 2605 superantes

505 2779 539 2844 (1)
556 2787 625 2830 tanta
640 2781 667 2829 Ρ.
703 2781 860 2842 ettoquentia
876 2781 927 2841 CL,
955 2782 1104 2843 eloquentia
1127 2782 1154 2830 Ρ.
1194 2781 1312 2834 advectis

459 2860 574 2910 cmv.
600 2860 715 2909 certatim
738 2860 805 2910 codd.
825 2874 882 2910 cum
904 2862 980 2911 FRV.
1021 2862 1055 2924 (a)
1072 2861 1259 2910 laudationibus
1275 2863 1309 2922 R,

458 2939 661 2989 collaudantibus
682 2941 704 2987 V
714 2941 770 3003 posi
785 2954 841 2989 corr.
881 2942 1042 3002 Appolonius
1065 2941 1094 2999 C,
1114 2941 1257 3002 Apolonius
1279 2943 1308 3000 F,

458 3021 628 3083 Appollonius
644 3021 676 3079 R,
694 3019 836 3081 Apollinius
849 3021 876 3068 V.
911 3033 945 3069 eo
962 3034 1008 3070 om.
1022 3021 1049 3069 F.
1085 3021 1151 3084 (3.4)
1162 3029 1311 3082 peroratam

458 3114 560 3150 causam
571 3102 603 3150 R.
638 3101 672 3164 (4)
688 3108 728 3150 set
743 3101 771 3148 V.
805 3099 840 3164 (ς)
856 3101 966 3163 prestitit
984 3101 1058 3151 CLR.
1093 3103 1126 3150 ita
1142 3101 1214 3163 quod
1232 3112 1258 3151 ut
1275 3104 1308 3152 R.

459 3182 493 3244 (6)
510 3181 682 3242 appolonium
697 3181 727 3241 C,
754 3182 935 3244 Appollonlum
957 3183 989 3231 R.
1024 3180 1057 3243 (7)
1081 3192 1158 3243 rupto
1179 3183 1233 3230 scil.
1257 3192 1311 3231 tan-

459 3261 518 3309 dem
530 3261 559 3310 C.
595 3269 672 3322 rupto
687 3274 733 3309 om.
744 3263 772 3309 1..
806 3261 923 3310 sciLCF.
956 3261 990 3324 (8)
1007 3261 1108 3310 laudem
1120 3264 1147 3310 1..
1182 3262 1217 3325 (9)
1229 3263 1310 3324 Quod

458 3351 517 3389 ante
534 3355 635 3390 causam
651 3351 797 3403 peroratam
813 3344 841 3390 1..
878 3341 929 3404 (ιο)
954 3343 1084 3391 miseratio
1107 3344 1158 3391 PR.
1201 3343 1251 3405 (ιι)
1274 3345 1310 3392 el-

458 3421 551 3480 nette,
569 3422 652 3470 affecit
665 3422 697 3469 R.
732 3421 856 3470 Petebam
868 3421 898 3470 C.
917 3423 973 3482 lpse
988 3435 1089 3483 nanque
1101 3424 1132 3471 R.
1167 3422 1218 3486 (η)
1230 3425 1268 3473 rei
1280 3426 1308 3473 l..

459 3501 542 3563 pubi]
565 3502 599 3562 pii
623 3502 653 3549 R.
699 3501 748 3563 (14)
770 3501 914 3551 nationibus
930 3514 976 3550 om.
994 3503 1022 3549 l..
1056 3502 1107 3565 (ις)
1125 3503 1261 3552 nobisona
1279 3506 1308 3552 1..

460 3581 516 3642 iam}
535 3594 585 3629 non
602 3582 633 3629 R.
