2850 4694
671 629 720 675 cu

266 778 338 840 quod
362 777 395 829 ad
420 792 520 829 menum
537 793 568 829 ex
584 778 698 831 cordulis
714 782 909 844 superscriptis
925 794 987 833 cere
1003 783 1119 846 impressi

266 858 310 908 die
326 859 457 908 minesimo
473 859 660 922 suprascriptis.

313 938 369 1001 Ego
394 938 503 988 lacobus
519 952 562 1000 φο
578 940 719 989 Constsntii
734 940 768 990 de
786 940 860 990 Ponti
876 940 911 990 de
927 941 970 990 S.⁰
988 942 1120 1004 Stephsno

267 1019 371 1068 verone
395 1018 532 1080 pubblicus
557 1019 682 1081 imperisii
698 1020 850 1069 auctoritate
867 1021 981 1071 noterius
997 1035 1119 1071 unacum

266 1097 445 1161 suprascriptis
469 1105 496 1147 et
521 1097 685 1161 infrascriptis
709 1100 818 1149 testibus
834 1100 867 1149 sd
879 1101 964 1150 omnia
979 1109 1005 1150 et
1022 1102 1119 1162 singule

266 1179 291 1227 in
307 1180 358 1228 boc
369 1178 461 1242 pagine
478 1179 605 1240 presentis
622 1178 740 1228 inferiori
750 1181 834 1242 spatio
850 1179 915 1229 fucta
927 1188 953 1229 et
965 1181 1059 1243 scripte
1071 1195 1121 1244 per

268 1258 471 1321 suprsscriptum
496 1259 553 1307 DJ*
577 1259 718 1308 Joabenem
734 1260 852 1308 omnibus
868 1260 941 1308 sinim
958 1260 1122 1322 presentibus

266 1346 292 1387 et
300 1339 397 1401 rogatis
405 1339 429 1386 in
438 1337 492 1399 ipss
503 1337 594 1400 pagina
610 1338 719 1399 eiusque
735 1346 889 1388 testamento
899 1337 1018 1389 mandato
1030 1352 1119 1402 supra·

265 1419 362 1481 scripte
383 1417 488 1468 domine
513 1417 625 1467 Blencbe
649 1430 706 1467 mes
730 1431 803 1467 msnu
828 1419 852 1467 in
876 1426 968 1468 testem
993 1432 1034 1468 mc
1059 1420 1119 1469 sub

265 1498 354 1561 scripsi
381 1506 409 1547 et
432 1510 489 1546 earn
513 1497 595 1560 sigilio
622 1497 772 1561 infrascripti
790 1499 907 1548 lobannis
925 1498 1058 1549 Benedicti
1076 1501 1117 1549 bs·

266 1579 344 1628 bente
367 1586 445 1640 ceput
471 1577 577 1627 bominis
600 1577 696 1627 veteris
720 1579 815 1641 signavi
842 1576 913 1640 quod
940 1577 974 1626 ad
1001 1579 1116 1641 quintum

266 1672 298 1708 ex
319 1656 433 1708 cordulis
455 1657 615 1719 suprascritis
640 1670 703 1707 cere
726 1659 843 1721 impressi
866 1658 910 1707 die
934 1665 961 1708 et
985 1659 1118 1708 millesimo

265 1737 452 1800 suprsscriptis.

313 1819 369 1883 Ego
386 1817 509 1866 Martinus
525 1817 590 1866 tibus
605 1815 734 1878 quondsm
750 1816 863 1867 Silvestri
880 1818 969 1870 nourrii
986 1817 1020 1868 de
1037 1819 1121 1869 csta!-

264 1896 304 1947 dis
315 1897 451 1960 pubblicus
469 1896 592 1960 imperisii
607 1897 760 1947 suctoritste
777 1897 889 1947 notarius
905 1896 940 1948 de
956 1899 1050 1949 Ssncto
1065 1900 1121 1949 Ste-

266 1979 351 2039 pbsno
367 1978 470 2026 verone
496 1990 618 2028 unacum
634 1976 813 2040 suprascriptis
830 1984 856 2026 et
872 1977 1035 2041 infrascriptis
1051 1980 1121 2028 testi-

266 2056 314 2106 bus
335 2055 369 2105 ad
394 2056 477 2106 omnia
494 2064 520 2105 et
536 2056 633 2120 singule
649 2057 673 2105 in
690 2058 740 2105 boc
756 2056 849 2119 pegine
864 2058 991 2119 presentis
1008 2057 1119 2107 inferiori

265 2137 348 2199 spatio
371 2136 438 2186 facts
461 2142 488 2185 et
510 2136 604 2198 scriptu
628 2149 677 2198 per
699 2136 899 2199 suprascriptum
920 2138 976 2185 DJ*
996 2138 1119 2187 lobenem

265 2216 383 2266 omnibus
407 2215 480 2264 simui
504 2214 668 2277 presentibus
684 2223 711 2265 et
728 2216 821 2279 rogatis
836 2216 861 2265 in
877 2216 932 2279 ipsa
948 2219 1039 2280 pagina
1054 2218 1120 2266 eius·

265 2308 318 2357 que
343 2301 506 2354 testsmento,
532 2293 651 2344 nundato
677 2295 852 2358 suprascripte
870 2296 979 2346 Domine
997 2297 1119 2357 Blancbe,

265 2388 322 2424 mea
348 2387 421 2424 msnu
444 2374 468 2423 in
493 2382 585 2425 testem
609 2388 651 2424 me
666 2375 807 2437 subscripsi
832 2382 858 2425 et
882 2388 938 2425 cem
963 2376 1045 2439 sigilio
1061 2391 1121 2426 meo

265 2454 376 2504 bebente
400 2454 424 2502 in
440 2453 538 2504 circulo
565 2454 598 2502 Η.
625 2453 666 2504 C'.
691 2454 786 2517 signsvi
812 2452 883 2516 quod
907 2453 941 2504 ad
966 2464 1062 2505 sextam
1088 2470 1121 2505 ex

265 2532 379 2584 cordulis
409 2534 588 2597 suprascriptis
619 2547 681 2585 cera
713 2534 829 2596 impressi
861 2534 904 2584 die
931 2543 957 2586 et
987 2536 1119 2591 millesimo

264 2615 451 2678 suprascriptis.
855 2657 859 2660 ,

313 2695 369 2760 Ego
396 2695 591 2745 Bertboismeus
615 2694 632 2744 f.
650 2708 677 2757 q.
696 2696 725 2744 Β.
746 2694 845 2745 iobsnis
862 2695 966 2745 Picinini
982 2694 1017 2744 dc
1033 2696 1119 2745 Velio-

265 2773 309 2823 siis
331 2773 367 2825 de
382 2774 477 2826 Ssncto
492 2774 624 2838 Stepbsno
639 2775 744 2825 verone
760 2774 878 2837 publicus
894 2774 1015 2838 imperiali
1032 2783 1120 2824 aucto-

265 2852 340 2903 ritste
363 2853 477 2904 noterius
501 2867 550 2902 una
573 2866 631 2904 cum
647 2853 825 2917 suprsscriptis
849 2862 877 2904 et
902 2853 1065 2916 infrascriptis
1081 2861 1119 2904 te·

265 2932 356 2992 stibus,
372 2932 407 2982 ad
422 2934 505 2984 omnis
521 2942 548 2984 et
563 2934 661 2997 singule
678 2934 701 2982 in
719 2935 769 2983 hoc
784 2933 876 2997 pegina
892 2934 1019 2996 presentis
1036 2933 1119 2983 inferi·

265 3013 304 3062 ori
323 3013 399 3076 pacio
423 3012 488 3063 fectu
513 3021 540 3064 et
555 3013 651 3076 scripte
666 3027 715 3076 per
729 3013 929 3077 suprascriptum
947 3015 976 3064 Β.
997 3014 1116 3063 infrenem

265 3092 384 3143 omnibus
406 3093 479 3144 sirum
504 3092 667 3156 presentibus
683 3102 709 3142 et
726 3093 820 3157 rogetis
836 3092 860 3142 in
877 3093 932 3157 ipsa
947 3093 1038 3157 pegina
1053 3092 1119 3141 eius·

266 3184 319 3235 que
342 3180 498 3223 testsmento
520 3173 694 3235 suprascripte
719 3173 832 3223 Domino
860 3174 972 3223 Btancbe
999 3171 1118 3222 mandato

265 3266 323 3302 mea
346 3266 420 3303 msnu
445 3254 468 3302 in
491 3261 584 3304 testem
605 3267 646 3303 me
661 3253 801 3316 subscripsi
818 3259 843 3302 ct
860 3266 916 3302 eum
931 3252 1015 3316 sigiiio
1030 3265 1119 3314 supra·

265 3333 351 3395 scripti
370 3334 474 3384 Petrino
496 3332 532 3384 de
555 3334 717 3384 Ponzonibus
733 3333 826 3397 signavi
843 3331 914 3395 quod
934 3331 967 3383 ad
983 3333 1118 3396 septimum

265 3426 298 3463 ex
323 3411 437 3463 cordulis
459 3413 626 3478 suprsscripti
650 3426 712 3464 cere
736 3414 852 3476 impressi
875 3411 918 3462 die
944 3422 969 3462 et
986 3413 1119 3463 millesimo

265 3493 450 3556 suprascripto.

313 3571 371 3636 Ego
396 3572 592 3623 bartholomeus
614 3571 675 3633 iq.
694 3572 730 3621 Μ.
749 3571 849 3620 Antonii
866 3570 977 3620 Sestos-is
993 3568 1027 3620 de
1044 3571 1118 3621 Mon·
