2850 4694
647 557 751 604 ctxvu

278 735 370 810 1779
395 735 429 809 p.
464 711 539 785 106.
559 712 641 785 810.
661 709 755 808 813).
776 709 930 810 Epistola
958 735 998 784 tv
1023 710 1126 786 etiam

272 827 306 899 in
331 825 436 901 codd.
462 827 534 921 648
552 842 589 900 et
612 850 702 923 ¹¹30
719 828 870 917 extabat,
897 824 1055 924 dialogus
1080 826 1127 900 de

272 940 360 1016 Adae
373 958 410 1015 et
423 943 505 1016 Evae
519 958 670 1039 peccato
683 966 727 1016 ex
742 941 816 1040 ipsa
824 940 979 1017 editione
992 940 1126 1032 Aldina,

272 1072 308 1130 ut
325 1056 425 1129 nobis
442 1054 632 1146 videbatur,
650 1056 844 1154 descriptus
869 1056 902 1128 in
932 1056 1014 1131 cod.
1043 1081 1125 1162 721,

270 1172 387 1246 Clarae
414 1173 537 1246 lunare
555 1171 676 1269 Vegiae
694 1196 845 1262 carmen,
871 1198 943 1269 quo
961 1174 1123 1246 loannem

272 1287 420 1361 Marium
441 1287 659 1385 Philelphum
677 1285 888 1378 adhortatur,
916 1304 952 1361 ut
968 1287 1122 1361 versibus

270 1403 372 1476 lsotae
384 1403 575 1500 Nogarolae
591 1402 694 1475 vitam
706 1418 942 1502 persequatur,
953 1403 985 1475 in
996 1401 1125 1478 codice

275 1542 377 1615 1130,
411 1517 512 1592 Marii
545 1517 717 1616 Philelphi
749 1517 853 1590 Liber
882 1519 1039 1593 lsottaeus
1058 1542 1124 1592 una

269 1657 347 1707 curn
366 1634 570 1732 praelatione
595 1633 641 1708 ad
669 1634 882 1710 ludovicum
911 1635 1124 1733 Nogarolann

269 1749 302 1822 in
320 1749 447 1824 codice
469 1751 552 1846 694,
571 1749 631 1847 qui
649 1749 794 1824 sortasse
813 1774 903 1824 nunc
930 1749 962 1822 in
995 1751 1125 1825 Biblio

268 1866 372 1939 theca
400 1865 579 1939 Marciana
604 1867 648 1940 cl.
675 1889 736 1939 κη.
765 1892 797 1939 n.
824 1888 884 1940 cu.
912 1883 1121 1954 asservatum

267 1978 422 2055 eiusdem
464 1980 617 2054 ltalicum
655 1979 702 2054 de
731 1983 833 2055 lsotae
862 1978 1018 2056 laudibus
1048 1981 1123 2079 epi·

266 2120 506 2193 grammacum
515 2095 768 2193 subscriptione
782 2098 942 2172 «Verone
954 2098 1010 2170 Vl.
1029 2099 1121 2171 Non.

268 2211 353 2285 Oct.
376 2212 465 2306 1468
480 2211 611 2286 Marius
627 2212 827 2310 philelphus
840 2237 940 2287 manu
959 2212 1119 2311 propria»

266 2325 300 2400 in
317 2325 444 2401 codice
462 2352 527 2427 721
552 2327 618 2402 iarn
636 2352 739 2425 supra
755 2327 896 2402 laudato
913 2327 1035 2403 extitit.

315 2441 406 2516 Turn
423 2441 544 2540 Scipio
563 2442 683 2518 Maffei
702 2442 734 2515 in
757 2445 917 2517 «Verona
933 2444 1117 2517 lllustrata·

266 2554 417 2654 (Verona
448 2582 548 2657 1732.
576 2560 603 2632 ll
631 2583 666 2631 nr
689 2584 723 2656 p.
751 2557 908 2658 95-97)
928 2558 961 2632 in
991 2558 1120 2633 codice

265 2671 417 2771 quodam
442 2697 507 2747 suo
532 2690 659 2770 praeter
683 2673 767 2748 alias
793 2664 959 2772 epistolas
975 2674 1114 2748 Antonii

266 2787 416 2862 Cassarii
442 2787 624 2885 epistolam
650 2786 696 2863 ad
718 2791 843 2864 lsotam
869 2789 1032 2888 scriptam
1056 2815 1117 2863 ex·

265 2902 372 2978 titisse
390 2901 503 2993 tradit,
521 2903 579 3001 qui
606 2903 723 2979 codex
757 2904 967 2979 Veronensis
1002 2923 1119 2979 noster

264 3018 352 3093 liber
382 3021 453 3118 256
486 3019 590 3094 luisse
615 3018 761 3109 videtur,
788 3045 868 3095 cunr
910 3046 957 3097 eo
992 3039 1118 3118 praeter

264 3134 367 3208 lsotae
383 3133 548 3232 epistolas
573 3134 675 3208 etiam
704 3135 844 3210 Nicolai
871 3135 973 3210 Lusci
989 3138 1119 3235 Ecloga

263 3247 310 3321 de
339 3248 495 3324 laudibus
524 3251 712 3325 Zeneverae
744 3267 781 3324 et
806 3252 908 3326 lsotoe
929 3250 1058 3348 scripta
1082 3268 1118 3326 et

265 3362 298 3435 in
324 3365 393 3437 hoc
417 3367 495 3439 solo
512 3362 650 3452 codice,
669 3381 705 3438 ut
720 3364 865 3454 videtur,
883 3382 1017 3441 servata
1032 3391 1118 3440 con-

264 3476 420 3567 tineatur,
439 3503 541 3576 quam
559 3505 598 3554 se
617 3481 744 3554 habere
763 3496 905 3556 testatur
924 3481 1054 3556 Maffei.
