2850 4694
260 638 273 669 ι
523 622 560 679 29

114 790 222 846 mater
239 771 403 870 alligaret,
417 773 479 846 sed
498 774 601 846 latice
615 774 771 847 Castalio
788 774 961 870 quondam

114 888 243 961 fueritis
260 888 427 962 enutritae.
449 891 523 985 Ego
536 913 619 961 vero
636 888 751 961 animo
765 889 962 963 renidebam

113 1021 205 1077 totus
221 1022 258 1076 et
271 1028 316 1076 eo
330 1004 412 1076 loco
429 1004 538 1102 gloria
554 1020 667 1077 vestra
684 1004 762 1076 milri
781 1021 964 1102 congratu-

113 1120 218 1208 labar,
243 1114 417 1216 iamquam
445 1120 547 1193 etiam
574 1143 618 1192 ex
636 1144 678 1192 ea
696 1119 834 1192 civitate
856 1119 965 1192 deflu-

113 1235 229 1308 xerim.
266 1234 419 1308 Subinde
445 1235 609 1309 moestitia
633 1251 670 1307 et
695 1235 796 1309 dolor
825 1235 962 1332 quidam
996 1262 1006 1315 t

113 1351 240 1437 effecit,
260 1375 331 1446 quo
349 1374 418 1448 ego
435 1375 508 1423 sum
528 1367 719 1425 nostrorum
738 1351 884 1423 virorum
904 1351 964 1423 mi·

111 1482 234 1555 sertus,
254 1482 290 1537 ut
307 1489 369 1539 eos
388 1465 556 1539 infelicius
582 1466 809 1563 deplorarem.
844 1468 964 1563 Repe-

112 1582 227 1654 tebam
255 1605 403 1678 namque
430 1581 674 1678 ipsemecum,
702 1597 864 1678 quantum
891 1581 964 1654 aliis

113 1696 146 1768 in
164 1695 355 1770 civitatibus
379 1696 440 1768 viri
458 1721 527 1769 non
545 1696 645 1770 armis
672 1696 831 1770 modoet
852 1721 961 1769 rerum

114 1811 325 1909 publicarum
351 1812 612 1908 gubernatione,
630 1811 692 1885 sed
720 1811 819 1885 bonis
836 1812 964 1885 artibus
980 1837 1009 1873 10

112 1943 148 2000 et
172 1927 310 2025 optimis
336 1927 481 2000 floreant
507 1927 672 2001 institutis.
700 1927 801 2024 Apud
828 1944 963 2001 nostros

112 2067 196 2116 vero
221 2060 398 2141 supererat
423 2046 497 2117 sola
524 2044 578 2117 illa
599 2063 633 2116 et
651 2044 820 2117 doctrinae
837 2060 873 2116 et
890 2045 963 2116 elo-

114 2159 264 2255 quentiae
289 2158 408 2256 gloria,
435 2182 537 2256 quam
565 2160 737 2233 Guarinus
754 2158 963 2233 Veronensis

113 2291 240 2364 noster,
274 2275 435 2349 oratoriae
473 2274 645 2372 princeps,
685 2275 964 2349 disseminaverat

111 2389 306 2486 aliquando.
339 2390 408 2464 Sed
435 2415 525 2464 nunc
553 2391 659 2488 ipsam
687 2415 749 2487 per
766 2416 827 2464 vos
845 2390 963 2464 ambas
980 2412 1005 2465 15

112 2531 134 2579 a
151 2506 249 2580 nobis
267 2507 390 2580 auferri
404 2525 440 2580 et
457 2507 501 2581 ad
515 2524 662 2581 vestrum
682 2507 857 2579 mulierum
872 2506 963 2580 ordi-

113 2647 190 2695 nem
209 2623 379 2696 transferri
401 2623 516 2712 vide0,
536 2640 571 2696 ut
589 2622 622 2695 id
641 2623 817 2720 praecipue
843 2621 962 2703 laudis,

112 2762 214 2835 quam
244 2738 389 2811 virorum
425 2738 561 2836 ingenia
593 2738 656 2811 sibi
687 2738 962 2824 vendicaverant,

112 2852 177 2927 iam
202 2879 336 2927 summo
362 2853 541 2928 dedecore
558 2853 650 2951 apud
663 2856 883 2927 Veronenses
901 2878 964 2925 no-

157 3088 191 3153 (ι)
216 3091 305 3140 iactice
331 3091 419 3140 CGM.
465 3091 573 3141 condam
599 3090 628 3140 C.
682 3090 716 3153 (2)
743 3091 836 3151 animo]
863 3090 896 3140 an
923 3093 960 3140 M.

112 3169 257 3220 residebant
273 3171 340 3220 codd.
375 3170 409 3233 (ι)
424 3179 450 3219 et
465 3184 515 3234 ego
531 3173 546 3218 l.
563 3171 601 3219 M.
635 3169 669 3232 (ὁ)
686 3171 769 3220 affecit
787 3171 817 3230 C,
835 3171 910 3220 afficit
928 3173 961 3221 G.

112 3250 146 3311 (7)
171 3250 256 3299 infoel.
279 3252 306 3309 V,
332 3251 461 3300 infelices?
500 3250 534 3313 (8)
557 3264 632 3312 quarn
656 3253 688 3298 al.
708 3251 765 3300 CG·
800 3251 833 3313 (9)
851 3252 874 3299 in
891 3265 961 3300 cmm.

111 3330 173 3378 MV.
192 3330 280 3391 modo}
298 3344 347 3379 non
365 3331 429 3380 GM.
461 3330 510 3393 (ιο)
525 3339 564 3378 set
586 3332 612 3378 V.
648 3329 696 3393 (11)
713 3331 846 3392 aputGM.
865 3329 963 3392 (12)su-

112 3418 185 3472 pent
200 3410 233 3459 G.
274 3409 324 3474 (14)
341 3424 380 3459 or.
399 3410 511 3459 sciencie
528 3423 566 3472 pr.
587 3411 650 3459 GM.
685 3409 734 3473 (ις)
753 3411 882 3471 aliquanto
899 3411 959 3459 CM.

113 3487 162 3549 (ιό)
169 3489 243 3539 vobis
252 3489 309 3540 CG.
334 3490 436 3540 autierri
446 3491 479 3539 G.
497 3499 609 3541 nostrum
626 3490 686 3539 CM.
722 3490 770 3552 (ιγ)
788 3499 814 3539 ut
831 3491 962 3552 eiusprae-

112 3568 213 3633 cipuae?
237 3570 288 3636 (ιθ)
298 3569 500 3631 νοηάἰαιιηιο,
515 3570 693 3621 vendicaverat
701 3572 734 3621 G.
763 3572 813 3634 (ι9)
827 3580 888 3633 aput
896 3573 959 3621 GM.
