2850 4694
476 588 503 659 d

62 756 134 813 tute
151 755 187 813 et
205 740 288 813 vitio
306 740 353 813 ita
371 739 532 837 copiose,
548 737 596 810 ita
608 752 646 809 et
655 733 861 808 luculenter
870 726 946 800 dis-

63 852 154 943 serit,
174 871 209 926 ut
227 854 284 950 qui
304 870 400 928 tanta
416 851 597 951 opulentia
615 865 791 944 tantoque
818 845 948 941 splen-

64 967 149 1041 dore
178 968 343 1043 orationis
369 967 525 1042 abundet
555 991 638 1040 vere
656 965 949 1061 Chrysostomus

65 1081 132 1156 dici
147 1084 320 1171 meruerit,
339 1085 437 1158 cuius
451 1086 496 1158 ab
510 1108 572 1157 ore
587 1082 666 1180 ipso
685 1100 836 1177 quoque
855 1099 949 1148 auro

41 1230 50 1279 t
66 1195 189 1271 clarior
207 1198 289 1272 fluat
306 1199 428 1273 oratio.
444 1201 537 1272 Cum
558 1197 660 1295 igitur
678 1218 779 1292 saepe
799 1214 949 1264 mecum

68 1309 175 1407 egerit
189 1312 321 1409 optima
333 1313 492 1412 genetrix
501 1329 628 1400 vestra,
639 1327 677 1384 ut
690 1333 755 1382 vos
770 1306 951 1380 nonnullo

70 1424 306 1500 huiuscemodi
334 1453 477 1501 munere
499 1426 684 1512 donarem,
712 1422 749 1497 id
767 1419 952 1520 quicquid

70 1553 162 1612 esset
179 1539 306 1614 laboris
333 1541 481 1616 fideliter
499 1542 609 1639 magis
628 1564 735 1638 quam
754 1535 952 1612 confiden-

72 1670 123 1726 ter
140 1656 287 1751 suscepi.
309 1658 439 1755 Neque
457 1658 549 1730 enim
568 1655 748 1730 scribendi
766 1652 953 1750 elegantia

33 1799 61 1835 ιο
74 1766 188 1855 fretus,
221 1794 301 1865 quae
333 1773 412 1845 mihi
437 1776 530 1847 nulla
559 1789 625 1861 est,
644 1770 708 1845 sed
732 1766 834 1867 quod
872 1783 953 1840 tan-

76 1897 145 1953 tum
175 1881 280 1978 ipsius
310 1887 402 1982 upud
448 1912 504 1960 me
543 1885 736 1961 auctoritas
771 1885 880 1971 valet,
916 1897 956 1955 ut

77 1995 205 2093 petenti
231 1998 295 2071 sibi
324 2026 452 2099 negare
478 2003 560 2076 nihil
588 2001 734 2100 possim,
757 2001 832 2072 hoc
850 1996 957 2095 quod

77 2124 149 2181 ernt
162 2109 239 2183 aeris
257 2112 358 2187 alieni
374 2141 520 2213 quoquo
539 2115 649 2190 modo
664 2116 874 2214 persolvere
888 2112 957 2186 de-

79 2220 145 2293 bui.
173 2223 242 2295 Sed
256 2248 336 2299 curn
359 2231 592 2305 meminissem
616 2231 811 2304 divinarum
836 2252 958 2302 rerum

39 2364 63 2403 n
80 2340 354 2431 preceptoribus
385 2361 604 2443 quantopere
631 2346 847 2433 delectetur,
875 2368 961 2441 grn-

82 2462 149 2517 tum
185 2447 259 2523 iore
295 2480 418 2531 munus
452 2461 582 2557 putavi,
613 2461 641 2533 si
674 2459 960 2559 praestantissimi

82 2556 236 2633 doctoris
255 2589 436 2669 prteceptu
454 2572 487 2644 in
507 2574 661 2647 medium
681 2574 896 2672 proferrem,
916 2598 965 2647 ea

85 2672 262 2769 pfflcipue
289 2704 371 2775 qute
396 2686 528 2761 virtutis
545 2705 582 2761 et
599 2688 672 2760 vitii
700 2688 964 2762 discretionem

86 2784 206 2856 mentis
233 2810 362 2869 nostrie
387 2800 500 2873 oculis
517 2801 680 2875 subicere
700 2820 864 2899 possent,
879 2829 967 2901 quae

44 2930 75 2969 so
87 2894 218 2971 scilieet
249 2908 371 2983 restris
390 2969 397 2984 .
414 2969 421 2984 .
441 2970 448 2985 .
465 2971 473 2986 .
493 2916 756 3012 propemodum
793 2918 968 2992 conferre

88 3027 296 3090 constarunt.
318 3022 449 3121 Neque
466 3029 558 3101 enim
576 3054 652 3102 sum
672 3031 816 3105 nescius
834 3058 902 3107 vos
921 3034 970 3107 ad

89 3118 244 3199 uirtutem
263 3136 449 3213 colendum
469 3160 567 3217 natos
584 3169 676 3227 esse,
691 3169 775 3218 cum
790 3148 971 3222 maiorum

91 3251 328 3325 nostrorumst
342 3254 523 3353 prrecipue
541 3259 695 3355 parentis
708 3278 842 3337 vestrae
861 3264 975 3338 vesti-
