2850 4694
511 587 583 629 xux

113 739 232 815 litteris
250 738 454 839 quibusdam
468 766 489 815 a
504 744 703 816 Fuscareno
728 768 758 816 a.
786 762 871 843 1453
895 743 970 816 Bri·

115 856 181 931 xiae
205 855 250 930 ad
277 860 401 930 laotam
429 855 517 930 datis
543 854 620 951 (vol.
651 860 688 930 ll.
708 882 742 954 p.
769 857 968 953 izo-122)

112 971 207 1045 litem
235 971 324 1045 illam
344 987 438 1046 tecte
455 971 638 1069 significari
656 986 752 1045 certa
778 997 855 1046 esse
873 971 969 1046 vide-

112 1102 164 1161 tur
188 1087 351 1185 suspicio.
392 1090 514 1188 Quare
548 1113 626 1162 cum
663 1088 694 1161 in
731 1087 858 1162 codice
892 1088 967 1186 epi-

111 1204 226 1278 stolari
263 1202 430 1278 Ludovici
466 1205 652 1278 Fuscareni
687 1204 846 1303 epistolae
885 1229 969 1301 quas

112 1343 156 1393 ex
190 1320 275 1393 urbe
307 1319 423 1393 Brixia
456 1318 500 1393 ad
536 1323 659 1394 lsotam
686 1319 822 1417 scripsit
847 1344 969 1393 omnes

111 1435 273 1509 collectae
290 1459 369 1509 esse
386 1433 564 1508 videantur
582 1460 696 1532 neque
719 1437 797 1508 haec
823 1452 969 1508 conten-

111 1550 159 1624 tio
186 1567 266 1648 post
294 1549 461 1624 ludovici
480 1567 662 1647 praeturam
682 1550 876 1624 Brixianam
895 1550 967 1624 fieri

111 1666 290 1765 potuisset,
326 1691 397 1763 quo
431 1683 589 1764 tempore
612 1670 713 1740 lsotae
739 1682 775 1740 et
802 1665 967 1740 Ludovici

111 1781 261 1856 amicitia
285 1781 494 1879 aliquantum
521 1781 661 1872 refrixit,
680 1784 833 1857 Veronae
852 1782 966 1881 potius

111 1897 290 1971 contentio
333 1896 389 1970 illa
422 1896 468 1970 de
501 1896 589 1970 ndae
621 1915 658 1971 et
696 1899 778 1970 Evae
815 1913 968 1996 peccato

111 2029 190 2088 acta
206 2037 284 2088 esse
301 2012 444 2087 videtur.

160 2130 196 2201 ln
222 2129 407 2227 colloquiis
433 2129 532 2225 igitur
550 2129 781 2218 familiaribus,
799 2154 881 2227 quae
900 2129 967 2203 ire-

111 2258 259 2339 quenter
289 2243 376 2317 inter
405 2269 468 2318 eos
498 2245 722 2334 habebantur,
753 2269 867 2319 sermo
896 2244 964 2318 lor-

111 2374 201 2432 tasse
235 2357 355 2432 incidit
388 2356 434 2432 de
469 2359 520 2433 his
554 2360 670 2433 Sancti
706 2359 883 2456 Augustini
918 2359 964 2433 de

110 2473 187 2549 ndu
219 2490 256 2548 et
286 2477 356 2549 Eva
392 2475 525 2548 verbis:
569 2478 809 2550 Peccaverunt
847 2475 966 2574 impari

109 2613 195 2663 sexu
212 2588 275 2664 sed
293 2589 365 2687 pari
383 2590 479 2663 [astu.
510 2593 604 2691 Quae
631 2616 745 2689 neque
772 2593 873 2665 lsotae
900 2614 967 2664 nec

112 2705 296 2779 Fuscareni
315 2729 490 2779 assensum
509 2708 667 2797 tulerunt,
686 2731 765 2780 cum
779 2706 835 2779 illa
849 2708 965 2793 Evam,

111 2819 168 2894 hic
184 2819 295 2894 Adam
312 2822 357 2894 ab
374 2820 467 2894 omni
485 2822 588 2919 culpa
604 2821 739 2895 liberari
759 2846 862 2918 posse
888 2846 968 2919 per·

110 2958 245 3009 suasum
264 2937 440 3010 haberent.
460 2935 531 3010 Sed
553 2962 632 3010 cum
659 2936 806 3034 quaestio
831 2936 967 3034 gravior

110 3049 293 3142 videretur,
328 3077 430 3150 quam
461 3076 541 3148 quae
567 3052 655 3126 inter
680 3052 857 3148 colloquia
880 3051 965 3126 solvi

111 3184 241 3265 posset,
259 3167 379 3241 litteris
396 3191 457 3241 sua
473 3185 674 3265 argumenta
688 3168 905 3257 incluserunt,
920 3193 964 3240 ex

111 3281 234 3381 quibus
252 3300 375 3381 postea
393 3285 483 3357 lsota
500 3308 543 3357 ea
568 3308 648 3381 quae
673 3282 717 3357 ad
746 3308 815 3356 rem
847 3282 965 3359 lacere

111 3396 312 3472 videbantur
329 3398 463 3472 omissis
480 3398 664 3472 litterarum
687 3398 964 3497 inscriptionibus

111 3510 284 3613 dialogum
311 3514 483 3612 quendam
509 3514 700 3613 simplicem
727 3531 763 3588 et
788 3514 862 3587 sine
891 3530 964 3588 arte

165 3666 469 3724 Ιιοιεκυςιιοιιομιι.
841 3655 857 3705 d
