2850 4694
539 634 589 676 txt

136 785 264 860 eodem
294 810 385 859 anno
406 785 543 883 seriptis
570 786 649 859 nihil
677 786 743 860 iarn
769 785 814 860 de
840 788 906 860 hac
933 784 991 859 lite

137 900 300 998 legimus;
323 900 415 975 adde
433 901 529 996 quod
549 904 673 976 lsotam
701 900 870 974 nonnullis
894 901 992 975 annis

138 1032 219 1113 post
236 1016 268 1089 in
283 1015 392 1091 domo
407 1017 574 1092 Ludovici
589 1018 699 1091 lratris
717 1017 889 1090 habitasse
907 1040 992 1090 eon-

138 1141 255 1220 stat‚⁷²
290 1156 395 1228 quem
430 1131 521 1206 haud
548 1132 764 1230 improbabili
791 1131 994 1206 coniectura

139 1246 249 1321 minus
266 1271 369 1344 quarn
386 1247 506 1321 lratres
525 1248 557 1320 in
575 1271 619 1322 ea
635 1247 694 1321 lite
711 1263 833 1320 contra
850 1263 992 1320 matrem

137 1387 366 1459 sororemque
377 1362 564 1460 deliquisse
574 1380 742 1461 putamus,
753 1386 822 1459 qua
834 1362 880 1435 de
889 1385 994 1435 causa

138 1477 241 1552 etiarn
260 1479 361 1552 heres
378 1479 423 1552 ab
440 1503 517 1552 asse
536 1503 603 1553 una
620 1502 699 1552 cum
716 1503 836 1552 sorore
859 1479 949 1552 lsota
972 1500 994 1550 a

138 1609 246 1667 matre
263 1592 374 1667 lactus
391 1610 445 1667 est
461 1609 669 1668 testamento
686 1618 716 1667 a.
743 1612 832 1694 1457
849 1592 992 1689 scripto,

138 1708 171 1781 in
189 1732 261 1805 quo
276 1707 323 1782 de
341 1709 480 1806 reliquis
497 1709 654 1783 fratribus
671 1709 822 1783 Antonio
839 1725 876 1782 et
902 1711 993 1783 Leo-

138 1823 247 1899 nardo
264 1824 320 1897 vix
337 1825 375 1899 fit
392 1825 531 1898 mentio.

189 1941 367 2038 Deposito
391 1966 476 2015 vero
494 1941 690 2039 magistratu
709 1941 906 2015 ludovicus
924 1943 993 2015 Fu·

138 2080 301 2131 scarenus
320 2056 352 2130 in
371 2057 513 2155 patriam
528 2081 724 2131 reversurus
738 2058 909 2154 paululum
923 2057 993 2130 Ve-

139 2197 235 2246 ronae
248 2172 397 2246 substitit
413 2189 450 2246 et
467 2172 594 2247 iteratis
609 2175 710 2247 lsotae
720 2172 881 2270 precibus
889 2173 993 2246 obse-

139 2304 239 2363 cutus
248 2312 454 2385 quamquam
461 2286 553 2387 apud
561 2288 771 2386 Episcopum
781 2313 820 2362 se
830 2287 993 2363 deversu-

139 2428 212 2476 rum
230 2428 308 2478 esse
317 2403 383 2477 iarn
393 2403 596 2501 promiserat
605 2403 725 2478 iterum
741 2406 992 2501 Nogarolarum

140 2519 278 2593 fratrum
293 2519 443 2617 hospitio
462 2543 540 2592 usus
557 2536 620 2592 est.
640 2519 710 2593 Ubi
729 2536 891 2616 quantum
909 2543 993 2615 gau·

139 2632 233 2708 dium
251 2659 296 2708 ex
314 2635 416 2708 lsotoe
433 2635 649 2709 sermonibus
659 2634 869 2733 perceperit,
886 2633 993 2732 magis

139 2748 258 2823 videre
276 2749 400 2823 lieetin
419 2750 549 2839 litteris,
559 2773 645 2846 quas
654 2752 759 2848 paulo
769 2767 849 2848 post
862 2749 993 2823 disces-

139 2889 214 2939 surn
233 2888 278 2937 ex
292 2865 377 2938 urbe
385 2866 526 2939 Verona
544 2865 689 2940 sortasse
708 2865 774 2939 iarn
784 2863 993 2939 Venetiisad

140 3006 216 3056 eam
247 2980 393 3077 scripsit,
425 2981 457 3054 in
492 2981 616 3078 quibus
645 2981 792 3079 paradisi
818 2979 992 3078 quandam

140 3096 416 3195 degustationem
450 3096 514 3170 sibi
548 3096 700 3172 attulisse
726 3122 806 3195 quae
832 3097 864 3169 in
891 3099 993 3170 lsotoe

140 3213 265 3287 cellula
281 3211 421 3286 vidisset
438 3211 585 3309 religiosi
603 3212 704 3286 animi
722 3212 818 3310 signa
839 3228 992 3295 testatur,

141 3351 348 3424 quamquam
364 3326 545 3426 aegerrime
562 3351 601 3401 se
619 3327 733 3401 tulisse
748 3327 882 3417 latetur,
896 3326 993 3424 quod

141 3467 220 3518 curn
238 3445 341 3517 lsotoe
358 3442 478 3517 fratres
498 3442 593 3516 omni
618 3467 697 3517 eurn
719 3445 798 3516 luxu
824 3460 861 3516 et
884 3465 994 3539 appa-

141 3574 214 3633 ratu
233 3557 330 3656 regio
347 3558 618 3650 honoravissent„
638 3558 712 3658 ipsa
727 3560 802 3632 sola
817 3556 993 3633 orationes
