2850 4694
643 556 757 602 ctxvut

322 713 461 788 Codice
492 711 526 785 in
556 712 769 786 bibliotheca
806 711 942 785 familiae
969 712 1127 786 Bevilac·

273 854 353 928 quae
390 844 565 903 asservato
601 843 637 901 et
683 852 826 900 numero
875 852 957 900 xxv.
1006 844 1127 902 notato

273 945 451 1018 nonnullas
488 945 591 1016 lsotae
624 942 792 1015 contineri
826 942 991 1039 epistolas
1024 968 1127 1041 supra

272 1059 463 1135 docuimus.
484 1058 557 1159 Qui
575 1056 691 1131 codex
710 1058 845 1130 ubinam
863 1058 1016 1155 gentium
1035 1084 1126 1133 nunc

272 1190 475 1265 asservetur,
494 1173 697 1271 ignoramus.
722 1175 812 1247 Sane
839 1174 926 1246 inter
952 1191 1049 1247 notas
1075 1176 1126 1248 in-

272 1306 377 1365 eunte
394 1291 463 1362 hoc
481 1291 647 1364 saeculoe
664 1289 835 1387 Scipionis
854 1290 973 1363 Maffei
988 1292 1126 1365 Verona

273 1408 437 1480 lllustrata
454 1421 638 1501 excerptas
663 1402 783 1503 (penes
809 1408 856 1479 lo.
885 1408 985 1503 Bapt.
1013 1408 1126 1480 Caro-

273 1522 341 1594 lum
359 1517 518 1614 Giuliari)
536 1518 583 1593 de
601 1521 670 1592 hoc
687 1519 815 1592 codice
832 1537 1014 1595 annotatur
1037 1524 1126 1596 «che

274 1661 336 1710 ora
352 1636 379 1710 si
406 1651 503 1710 trova
541 1636 630 1710 nella
669 1635 864 1709 Biblioteca
888 1636 1125 1735 Capitolare»‚

273 1768 309 1825 et
326 1751 454 1825 ibidem
472 1751 558 1825 alius
574 1749 624 1823 vir
640 1749 765 1825 doctus
783 1751 829 1825 de
846 1752 972 1826 codice
985 1753 1126 1826 Saiban-

273 1866 367 1941 tiano
385 1868 467 1964 718,
486 1889 589 1962 quem
616 1890 733 1939 errore
751 1866 910 1940 inductus
940 1866 971 1939 in
1003 1867 1126 1942 biblio-

273 1983 377 2055 theca
395 1980 531 2055 samiliae
550 1981 773 2079 Bevilacquae
785 1981 948 2055 asservari
966 1980 1124 2074 credidit,

274 2097 351 2171 haec
381 2095 573 2169 annotavit:
605 2097 713 2169 ‹altro
739 2120 799 2169 ms.
832 2098 900 2170 che
928 2097 956 2169 si
986 2112 1126 2173 trovava

274 2212 363 2286 nella
381 2210 534 2284 Libreria
553 2211 764 2309 Bevilacqua
781 2237 829 2285 nr.
857 2212 929 2311 718
957 2237 979 2285 e
1004 2215 1072 2287 che
1097 2216 1125 2288 si

273 2323 380 2399 crede
397 2341 537 2425 passato
555 2328 643 2400 nella
661 2326 799 2402 libreria
821 2326 960 2400 Moselli
986 2353 1010 2400 ο
1036 2332 1125 2404 nella

271 2439 509 2538 Capitolarer.

320 2555 391 2629 Sed
410 2555 475 2630 iam
489 2579 592 2653 supra
605 2554 767 2630 codicem
781 2556 839 2653 qui
858 2556 963 2630 hodie
974 2557 1006 2629 in
1019 2557 1124 2630 Bibli-

270 2671 400 2745 otbeca
409 2671 561 2769 Capituli
572 2672 783 2746 Veronensis
792 2672 1124 2770 asservaturquique

272 2785 364 2860 unde
382 2785 415 2859 in
432 2811 509 2860 eam
532 2786 779 2861 bibliothecam
801 2787 996 2885 pervenerit
1013 2813 1057 2860 ne
1074 2788 1122 2860 lo.

272 2903 373 3000 Bapt.
405 2903 538 2975 Carolo
568 2901 713 2976 Giuliari
747 2902 888 2998 quidem
916 2919 1033 2977 notum
1059 2919 1123 2992 est,

272 3016 495 3112 probabiliter
537 3016 709 3115 Scipionis
741 3016 861 3091 Maffei
895 3017 977 3090 olim
1020 3016 1124 3090 suisse

271 3130 425 3205 vidimus.
449 3133 616 3206 Ceterum
634 3133 728 3207 addo
746 3135 791 3206 ab
816 3135 951 3229 Angelo
973 3133 1123 3234 Quirino

272 3247 305 3320 in
325 3248 485 3321 Diatriba
517 3249 738 3323 Praeliminari
769 3249 814 3323 ad
845 3250 874 3321 F
876 3248 1019 3322 nancisci
1039 3250 1123 3320 Bar-

272 3363 343 3434 bari
360 3364 525 3460 epistolas
550 3389 583 3461 p.
616 3366 693 3462 369.
726 3366 803 3464 378.
836 3388 913 3464 379.
940 3363 1122 3460 epistolam
