2850 4694
725 629 761 687 34

315 798 454 855 roaonat
484 798 657 880 tamquam
684 782 810 880 imago,
845 807 924 878 quae
959 781 1040 877 quia
1070 798 1166 854 recte

315 896 484 971 sactorum
510 922 631 973 comes
660 915 723 987 est,
743 923 811 972 non
837 913 892 971 est
916 922 936 971 a
962 896 1063 971 bonis
1088 897 1167 972 viris

314 1012 537 1113 repudianda.
557 1013 642 1087 ldeo
663 1014 782 1111 Scipio
808 1014 917 1088 maior
934 1013 1031 1087 Ennii
1049 1029 1167 1110 poetae

314 1129 464 1227 effigiem
500 1129 533 1202 in
567 1130 797 1204 monumentis
839 1129 1017 1203 Corneliae
1054 1127 1167 1226 gentis

289 1246 479 1325 scollocari
510 1245 627 1335 voluit,
662 1246 756 1343 quod
788 1245 927 1344 ingenio
956 1244 1029 1318 eius
1058 1267 1168 1342 opera

313 1385 375 1435 sua
392 1360 555 1436 illustrata
580 1361 758 1453 iudicaret,
777 1387 846 1435 non
873 1361 1019 1458 ignarus,
1046 1383 1166 1457 quam·

314 1477 371 1551 diu
391 1480 586 1551 Romanum
613 1478 754 1551 floreret
778 1476 957 1575 imperium
983 1492 1020 1550 et
1039 1475 1168 1550 Alirica

313 1611 406 1668 esset
423 1593 571 1691 pedibus
596 1593 701 1667 ltaliae
722 1592 880 1667 subiecta
904 1591 1079 1689 totiusque
1097 1608 1166 1665 ter·

312 1732 423 1782 rarum
441 1732 607 1782 summum
633 1710 795 1782 columen
812 1732 872 1782 arx
889 1706 1067 1804 Capitolia
1083 1731 1166 1804 pos·

271 1852 301 1888 10
312 1822 451 1914 sideret,
462 1849 582 1897 eorum
592 1823 792 1897 memoriam
802 1822 953 1920 extingui
965 1847 1033 1895 non
1047 1846 1163 1920 posse.

312 1940 461 2014 Claudia
485 1940 582 2038 virgo
609 1942 769 2013 Romana
786 1966 831 2014 eo
850 1939 1062 2037 potissimum
1088 1941 1165 2036 glo·

312 2055 372 2130 riae
385 2055 570 2129 dulcedine
579 2058 794 2153 tangebatur,
804 2080 906 2153 quam
916 2054 984 2129 suis
993 2053 1057 2128 sibi
1067 2055 1165 2126 labo·

313 2172 404 2245 ribus
417 2171 631 2245 laudabiliter
644 2187 889 2269 comparasset
906 2169 1164 2244 Lacedaemonii

312 2312 455 2385 quoque
480 2288 524 2361 ab
551 2287 602 2361 his
623 2287 914 2376 adolescentibus,
933 2311 1022 2384 quos
1047 2310 1164 2382 neque

269 2429 296 2484 15
311 2402 467 2477 laudibus
480 2403 592 2477 efferri
603 2427 717 2500 neque
727 2401 1011 2500 ignominia'ullici
1030 2425 1164 2498 cogno-

311 2518 447 2607 vissent,
479 2519 560 2591 nihil
590 2543 713 2616 magna
738 2518 840 2592 laude
866 2518 1005 2616 dignum
1032 2541 1164 2615 expec-

311 2632 450 2707 tandum
469 2659 546 2707 esse
564 2651 782 2708 censuerunt

359 2751 486 2822 Verum
517 2749 599 2823 illud
628 2766 681 2823 est
709 2748 807 2846 quod
837 2748 917 2822 mihi
951 2747 1160 2844 relinquitur.

292 3058 295 3062 ·
357 3031 391 3095 (r)
415 3046 507 3096 ymago
525 3032 612 3083 CGM.
650 3032 719 3094 quial
736 3046 788 3093 que
806 3034 839 3083 G.
884 3032 919 3096 (2)
936 3032 1045 3081 latorum
1067 3033 1093 3079 V.
1128 3033 1161 3081 ab

309 3114 427 3163 omnibus
449 3114 509 3162 viris
535 3115 568 3162 G.
610 3113 644 3177 (3)
668 3115 744 3175 Scipii
771 3115 804 3164 G.
838 3114 916 3162 Emnii
941 3113 971 3163 C.
1019 3111 1054 3176 (ς)
1080 3113 1162 3162 voluit

308 3208 354 3243 om.
375 3197 407 3243 G.
450 3195 483 3257 (ς.
501 3194 526 3256 ό)
544 3195 593 3257 ing,
609 3207 658 3242 suo
672 3208 716 3255 op.
733 3195 789 3243 eius
806 3195 839 3242 ill.
859 3194 888 3243 C.
930 3192 965 3256 (o)
980 3192 1089 3242 iudicata
1107 3194 1161 3241 illu-

308 3282 401 3323 straret
420 3275 447 3321 V.
481 3273 516 3338 (θ)
532 3273 645 3336 podibus
662 3275 699 3322 Μ.
733 3274 809 3336 ytalie
827 3274 890 3323 GM.
925 3275 959 3334 (9)
976 3275 1076 3322 culmen
1094 3274 1159 3322 GM.

308 3368 349 3403 ars
368 3355 455 3403 CGM.
489 3352 740 3417 (otolpossederet
758 3357 791 3404 G.
826 3354 924 3418 (tara)
939 3354 1006 3403 dulc.
1018 3356 1082 3416 glor.
1095 3355 1159 3403 GM.

309 3433 359 3494 (12)
373 3434 535 3483 dulcedinem
544 3434 681 3497 tangebant
691 3434 720 3484 C.
746 3434 795 3496 (η)
804 3434 912 3483 Lasced.
923 3434 952 3482 C.
988 3433 1037 3496 (14)
1046 3435 1158 3484 hiisCG.

309 3514 357 3576 (to.
371 3512 408 3576 17)
418 3515 606 3575 expectendum
622 3515 652 3573 C,
671 3515 843 3577 expetendum
862 3516 925 3573 GM,
944 3513 1116 3576 expetandum
1131 3517 1158 3566 V.

309 3593 358 3656 ¹(18)
371 3596 466 3642 verum
484 3594 508 3642 id
526 3602 565 3643 est
582 3595 620 3647 Μ.
