2850 4694
720 595 775 655 262

322 767 510 865 Albuynam
521 765 712 854 defluimus,
730 790 801 864 quo
819 765 900 839 licet
917 764 1086 838 violenter
1104 764 1175 836 Ca-

323 881 484 956 merarius
510 907 566 956 me
584 882 744 970 traheret,
763 898 876 955 tamen
907 881 1053 955 libenter
1070 903 1175 952 causa

322 994 459 1070 videndi
499 1013 589 1071 tuam
620 997 708 1070 illam
734 1014 873 1095 gentem
903 1013 939 1070 et
969 1019 1067 1068 meos
1099 994 1173 1067 illos

323 1111 509 1210 precipuos
542 1111 686 1201 amicos,
721 1136 810 1210 quos
843 1110 961 1185 videre
995 1109 1172 1198 ardebam,

296 1225 450 1307 raditum
477 1228 567 1301 illum
593 1227 733 1302 assensi.
762 1230 938 1329 Quorsum
958 1226 1059 1300 ivisse
1077 1225 1172 1323 quasi

323 1343 478 1441 penituit,
498 1368 567 1417 non
586 1362 621 1417 ut
639 1342 743 1417 ardor
755 1342 905 1417 caritatis
919 1341 1172 1439 refrigesceret,

321 1458 383 1533 sed
413 1460 493 1558 quia
519 1459 646 1534 ibidem
678 1458 789 1533 inveni
815 1457 955 1532 domum
981 1459 1170 1556 lugubrem.

322 1575 523 1672 Languebat
539 1574 630 1649 enim
656 1574 770 1664 amita,
796 1598 898 1671 quam
924 1590 1032 1647 totam
1060 1573 1172 1670 perni-

320 1689 417 1764 ciosa
451 1691 592 1764 rebuma
625 1689 838 1788 possederat
879 1689 988 1764 Cuius
1027 1688 1172 1787 diesque

278 1834 307 1869 10
321 1822 513 1904 noctesque
531 1806 601 1880 ibat
618 1805 756 1880 rabidus
772 1805 817 1879 ad
839 1806 959 1880 ethera
976 1806 1118 1894 clamor,
1136 1821 1171 1879 et

320 1920 384 1995 iarn
413 1921 577 1995 morituro
602 1920 718 1995 similis
744 1920 951 2010 declinabat,
977 1938 1012 1995 et
1037 1919 1088 1994 sic
1114 1919 1171 1994 die

319 2038 418 2109 XXl.
447 2037 571 2111 mensis
589 2035 687 2111 huius
712 2060 849 2111 raucam
868 2052 903 2110 et
921 2034 1171 2124 moribundam,

319 2151 380 2225 nisi
406 2169 611 2249 expectatus
636 2175 818 2226 succursus
844 2150 1056 2225 medicorum
1074 2150 1171 2225 adiu·

318 2267 415 2357 verit,
433 2266 641 2366 reliquimus,
660 2290 732 2364 quo
750 2290 902 2340 moerore
916 2265 1028 2340 tristes
1049 2290 1171 2340 omnes

276 2407 302 2462 ¹5
318 2383 537 2480 angebamur.
564 2382 724 2480 Augebat
750 2381 830 2456 item
858 2383 1046 2479 plusculum
1070 2382 1171 2455 tristi·

319 2497 398 2571 tiam
430 2497 537 2572 facies
566 2497 741 2572 tabefacta
770 2498 937 2588 Zenebre,
965 2522 1066 2596 quarn
1091 2498 1172 2595 quia

318 2612 478 2687 defloruit
495 2629 531 2688 et
548 2614 651 2711 longe
670 2612 810 2688 diserta
828 2614 937 2687 forma
954 2614 1069 2711 priori,
1089 2639 1170 2712 pro

319 2727 414 2802 lecto
445 2727 506 2802 nisi
536 2728 633 2803 vocis
665 2728 793 2803 indicio
820 2754 887 2803 non
914 2729 1167 2827 cognovissem.

320 2844 402 2918 Heu
428 2860 592 2943 quantum
618 2861 672 2919 est
694 2862 820 2919 mutata
844 2845 890 2919 ab
915 2843 971 2918 illa
1000 2845 1168 2936 Zenebra,

271 2985 303 3021 20
316 2958 427 3032 nitore
445 2959 542 3033 cuius
560 2960 771 3035 hebetabant
788 2960 937 3035 lucentia
953 2958 1067 3033 sidera
1084 2960 1166 3034 ce'lil

317 3076 399 3148 Non
426 3091 505 3149 sunt
530 3076 674 3173 amplius
701 3075 867 3150 micantes
892 3075 997 3166 oculi,
1019 3100 1089 3149 non
1115 3092 1169 3150 est

315 3190 408 3264 srons
434 3192 492 3266 leti
519 3191 635 3267 cordis
661 3191 775 3283 index,
794 3217 863 3266 non
885 3192 960 3266 flavi
979 3215 1045 3265 nec
1063 3193 1167 3291 crispi

314 3306 438 3380 florent
465 3308 594 3382 circum
622 3324 779 3406 tempora
800 3309 923 3399 crines,
947 3332 1015 3382 non
1034 3325 1087 3382 est
1105 3307 1167 3382 de-

313 3421 418 3518 nique
448 3439 565 3521 preter
595 3423 732 3498 liventia
761 3425 856 3498 labra
885 3422 995 3498 decor
1020 3425 1107 3497 ullus
1133 3423 1166 3496 in

270 3564 296 3614 ³5
313 3561 385 3609 ore.
407 3538 489 3610 Non
507 3554 561 3611 est
579 3539 728 3636 insuper,
746 3538 772 3613 si
792 3556 924 3636 tergum
943 3556 1063 3630 vertat,
1082 3539 1166 3613 levis
