2850 4694
712 592 767 655 rao

307 778 396 837 stros
410 761 626 860 poterantad
639 786 683 836 ea
696 762 839 837 incitare
851 779 956 860 atque
970 762 1163 860 impellere,

308 876 409 952 nobis
433 875 609 968 deficiant,
635 876 663 951 si
681 901 772 952 nunc
790 877 958 953 inveneris
973 876 1082 953 virum
1102 903 1164 953 ne·

308 992 389 1068 dum
407 992 568 1068 seminam
585 991 753 1067 eruditam
770 1011 876 1090 atque
893 993 1008 1084 etiarn,
1027 993 1164 1069 medius

308 1108 419 1197 fidius,
445 1109 472 1184 si
507 1108 550 1182 in·
576 1108 627 1183 his
660 1108 787 1184 seculis
822 1108 855 1183 in
889 1108 1013 1207 quibus
1046 1107 1162 1183 erudi·

282 1242 419 1303 storum
447 1223 621 1299 hominum
648 1223 753 1322 copia
777 1240 813 1297 et
843 1222 1025 1298 multitudo
1051 1223 1162 1300 minus

308 1339 541 1415 admirationis
581 1339 776 1430 efficiebat,
813 1342 929 1415 multoe
961 1339 1161 1416 clarissimae

310 1454 468 1529 mulieres
481 1455 677 1545 extiterunt,
687 1479 768 1552 quae
781 1454 900 1530 litteris
913 1472 949 1529 et
961 1455 1162 1553 eloquentia

308 1569 409 1645 valde
419 1572 597 1668 pollerent
617 1573 708 1644 Inter
725 1595 811 1667 quas
827 1587 864 1644 et
881 1571 1069 1661 Corneliae,
1087 1571 1162 1646 Sei·

310 1684 423 1782 pionis
440 1683 530 1775 filie,
547 1700 584 1758 et
596 1686 732 1783 Sophos
754 1684 917 1783 poetissae
939 1701 975 1759 et
994 1684 1161 1784 Aspasiae,

269 1823 391 1897 roqute
424 1822 486 1898 per
511 1800 664 1875 Socratis
690 1816 847 1898 tempora
872 1800 995 1890 floruit,
1021 1799 1162 1875 aliarum

311 1914 527 2014 plurimarum
553 1915 681 2013 scripta
705 1931 742 1989 et
768 1918 1003 1990 nonnullarum
1020 1927 1164 2014 quoque

311 2030 467 2105 forenses
488 2030 662 2106 orationes
678 2030 865 2106 admodum
883 2032 1164 2129 comprobaban-

311 2162 375 2236 tur,
403 2145 509 2244 magis
535 2161 593 2220 tua
617 2148 662 2221 ab
687 2145 923 2221 eruditissimis
940 2147 1019 2221 viris
1037 2144 1076 2242 (si
1095 2171 1166 2245 qua

311 2261 421 2357 erunt)
449 2262 480 2335 in
506 2280 682 2360 posterum
709 2264 983 2338 celebrabuntur.
1012 2265 1164 2363 Quaen

271 2409 296 2458 ις
312 2401 349 2450 re
367 2402 422 2450 me
439 2379 662 2451 vehementer
678 2380 771 2468 latet,
789 2402 832 2452 an
851 2395 885 2451 te
902 2401 1065 2452 oenseam
1083 2401 1164 2452 cum

312 2491 364 2567 his
381 2516 467 2589 quas
484 2493 666 2584 nominavi,
684 2519 726 2569 an
745 2518 823 2568 curn
841 2492 908 2568 diis
924 2493 1027 2568 etiam
1042 2493 1164 2568 conie-

312 2607 464 2682 rendam.
491 2612 527 2683 ln
545 2608 801 2707 presentiarum
819 2608 909 2683 enirn
927 2607 1082 2684 videmus
1100 2635 1166 2685 nos

312 2722 493 2799 devenisse
519 2725 552 2799 in
579 2742 706 2799 tantam
731 2724 925 2823 disciplinae
941 2725 1068 2799 veteris
1085 2749 1165 2823 per-

313 2839 553 2931 turbationem,
587 2860 716 2916 utnon
742 2866 819 2916 eam
846 2841 1033 2931 mulierem,
1059 2839 1166 2916 immo

360 3006 395 3070 (ι)
410 3007 443 3058 ad
460 3008 501 3071 eal
521 3008 591 3059 adeo
606 3008 694 3060 CGM·
738 3009 771 3073 (ἰ)
789 3009 859 3058 foem.
877 3011 905 3059 Ε
939 3008 1028 3071 atque]
1043 3008 1113 3059 adeo
1130 3011 1165 3060 G.

315 3087 400 3151 etiam]
417 3097 444 3138 et
460 3090 488 3138 Ε
523 3089 556 3152 (4)
573 3090 621 3140 etsi
635 3091 664 3138 V.
699 3089 746 3138 hiis
758 3090 791 3141 G.
821 3090 926 3139 inomni
939 3089 992 3138 tw.
1026 3087 1058 3149 (4
1072 3088 1167 3151 ”ero-

314 3168 495 3220 ditissimorum
519 3171 571 3220 ΞΥ.
621 3170 656 3233 (6)
678 3170 803 3220 afferebat
827 3171 855 3219 Ε
905 3169 940 3232 (7)
962 3169 1107 3232 extiperunt
1136 3171 1166 3219 V.

315 3250 350 3311 (9)
366 3249 485 3314 Sapphos
498 3251 551 3300 BV.
585 3258 665 3314 poete
682 3251 716 3309 G,
735 3250 820 3313 poetis
831 3249 870 3299 M.
903 3248 1071 3312 ApasieCM‚
1085 3251 1168 3313 Aspa-

315 3330 353 3378 sia
369 3330 396 3378 Ε.
431 3329 480 3393 (ιι)
494 3330 560 3380 adm.
577 3344 648 3380 omni.
666 3332 718 3380 BV.
753 3329 954 3393 comprobentur
970 3328 1000 3379 G
1034 3327 1084 3391 (ις)
1101 3335 1129 3378 et
1146 3331 1168 3379 si

317 3409 381 3459 GM.
415 3408 464 3471 (14)
481 3410 581 3472 impost.
601 3410 664 3460 GM.
709 3404 759 3472 (ις)
774 3423 805 3458 an
823 3416 850 3458 te
865 3407 976 3459 sensiam
992 3421 1113 3458 censeam
1131 3410 1166 3460 G.

316 3488 365 3551 (ιό)
383 3489 430 3538 niis
447 3489 480 3538 G.
513 3488 642 3550 anJacC
677 3490 752 3538 etiam
770 3489 908 3538 ωηεν.
941 3487 989 3548 (to
1012 3488 1050 3550 17)
1066 3487 1169 3538 eonfer-

317 3568 463 3618 rendamc
497 3568 705 3632 (ryjimpres.c
739 3567 789 3632 (ι9)
805 3581 889 3632 ymno
905 3568 937 3627 C.
954 3581 1014 3633 ymo
1030 3567 1096 3618 GM.
