2850 4694
720 540 775 601 roo

317 710 408 784 eninr
426 726 495 784 tam
525 710 734 785 humanitate
750 733 890 797 vacuus,
911 724 979 782 tam
1006 707 1173 797 insolens,

317 841 386 899 tam
404 849 515 898 rerum
541 824 693 900 omnium
720 824 856 922 ignarus
880 848 1005 898 nomen
1028 823 1174 897 samam-

317 965 387 1039 que
404 957 551 1016 vestram
568 941 708 1015 summis
733 939 890 1016 laudibus
906 938 952 1014 ad
968 936 1082 1013 sidera
1101 964 1171 1013 non

317 1059 425 1147 tollet,
452 1056 642 1157 praesertim
669 1081 748 1130 cum
774 1080 908 1147 omnes,
925 1079 1006 1153 quae
1023 1052 1171 1130 clarississ

289 1201 300 1254 r
317 1198 384 1248 mae
401 1172 524 1247 merito
550 1188 790 1264 memorantur,
807 1171 923 1247 studio
940 1187 1055 1246 vestro
1071 1187 1171 1247 ante-

316 1288 469 1364 cellatis?
488 1291 579 1362 Nam
590 1288 867 1379 EritheaSibilla,
886 1287 1074 1385 Delphica,
1094 1289 1169 1362 Cu-

316 1428 426 1495 mana,
443 1405 612 1496 Albunea,
638 1429 719 1503 quae
739 1402 947 1480 vaticinandi
971 1402 1081 1501 gratia
1098 1402 1169 1478 for-

314 1537 396 1594 tuna
421 1522 476 1595 vel
501 1520 661 1596 divinitus
690 1521 830 1596 donatae
860 1519 1005 1611 luerunt,
1022 1519 1167 1617 gloriam

315 1660 383 1710 non
409 1638 529 1711 labore
554 1661 618 1711 suo
644 1635 933 1736 conquisiverunt.
966 1634 1057 1737 Quis
1074 1635 1167 1710 enim

272 1779 301 1817 ιο
315 1751 448 1849 ignorat
490 1752 704 1849 praedicendi
743 1776 863 1826 munus
892 1776 913 1827 a
942 1750 1013 1825 deo
1050 1751 1168 1850 potius

313 1891 416 1965 quam
435 1867 598 1942 industria
624 1884 739 1944 nostra
764 1867 959 1942 hominibus
984 1892 1062 1943 esse
1080 1893 1168 1943 con·

312 1987 472 2056 cessum?
507 1985 638 2082 Magna
671 1987 750 2059 haec
780 1983 933 2083 quidem,
963 1983 1025 2058 sed
1057 1986 1166 2060 multo

312 2123 390 2173 mea
418 2101 589 2174 sententia
623 2101 753 2176 maiora
785 2117 890 2199 atque
925 2102 1165 2198 praestantiora

311 2230 399 2305 sunt,
430 2240 510 2313 quae
539 2216 663 2314 vigilia,
693 2241 813 2316 opera,
850 2216 1013 2291 industria
1047 2234 1166 2293 nostra

270 2356 295 2409 ¹5
310 2330 540 2427 acquiruntur.
561 2335 682 2433 Quare
699 2332 822 2407 sileant
839 2333 935 2430 ipsae,
950 2357 1065 2431 neque
1082 2358 1163 2408 cum

309 2446 354 2518 ab
371 2445 445 2519 aliis
460 2446 603 2543 gloriam
629 2447 854 2539 vendicarint,
876 2448 928 2522 his
944 2473 983 2523 se
1000 2449 1164 2525 conlerre

309 2560 469 2651 audeant,
496 2587 576 2660 quoe
597 2588 661 2638 suo
685 2565 812 2655 studio,
839 2564 1026 2663 diligentia,
1052 2591 1164 2665 opera

307 2699 475 2750 summum
506 2677 615 2753 decus
643 2679 782 2778 adeptae
812 2681 918 2755 luere.
949 2680 1060 2756 Vobis
1085 2683 1164 2781 qui-

308 2789 399 2882 dem,
435 2817 515 2890 quae
549 2795 749 2870 Corneliam
793 2795 882 2871 illam
916 2798 1161 2873 Gracchorum

353 3118 386 3180 (2.
402 3120 425 3183 3)
440 3120 575 3182 semenque
590 3123 617 3170 V·
652 3122 776 3188 lrlsumn
797 3127 825 3173 V.
859 3126 952 3190 sydera
970 3127 1026 3178 CG.
1063 3128 1160 3192 (oleri-

306 3200 379 3248 threa
395 3201 429 3250 M
440 3202 497 3250 ante
512 3214 568 3250 corr.
603 3202 694 3253 delfica
714 3204 741 3251 V.
776 3204 940 3268 (7lclbumea
956 3207 1021 3257 GM·
1057 3205 1091 3272 (9)
1108 3221 1158 3259 suo

305 3279 354 3328 albi
371 3293 465 3342 conqu.
484 3281 522 3331 Μ.
556 3283 750 3344 conquisierunt
766 3285 796 3335 C
831 3284 880 3350 (ιι)
898 3295 938 3336 set
958 3289 985 3336 V.
1020 3285 1070 3352 (14)
1087 3289 1159 3351 que]

306 3371 382 3420 quam
393 3359 421 3407 V.
454 3358 628 3424 (rdlhiirCG.
663 3362 713 3428 (17)
722 3365 792 3427 qua]
803 3378 879 3427 quum
894 3366 921 3415 V.
955 3365 1116 3431 (wlsumun
1127 3370 1156 3418 V.

306 3436 411 3502 (1219)
438 3440 542 3501 quidun
566 3441 596 3491 G
638 3442 688 3507 (ro)
704 3458 840 3509 grecorum
864 3446 897 3506 G,
941 3449 1094 3511 grechorw
1117 3450 1156 3511 Μ,

305 3531 454 3580 graccorum
475 3522 502 3569 V.
