2850 4694
618 893 767 963 XXXH.

394 1200 524 1259 (Veronae,
536 1198 578 1247 die
596 1201 625 1247 ΙΙ.
645 1200 738 1248 mensis
757 1202 862 1249 Ianuarii
879 1216 901 1249 a.
918 1204 996 1264 1430.)

269 1474 459 1547 Damr'anus
472 1478 596 1571 Burgus
613 1476 801 1548 Veronensis
813 1477 989 1550 clarissime
1001 1487 1032 1550 et
1044 1477 1121 1551 doc·

269 1588 388 1662 tr'ssime
410 1589 521 1687 uirgini
541 1593 626 1663 isole
642 1591 809 1689 Nogurole
825 1616 861 1664 se
872 1591 921 1690 pl.
941 1591 1119 1666 contendat.

447 1924 659 1987 uacuuQua
672 1925 693 1975 a
707 1918 825 1974 nostro
842 1902 996 1999 quamvis
1014 1921 1121 1978 teme·
1154 1931 1163 1978 5

300 1926 405 2187 Q
470 2016 558 2089 rario
585 2033 620 2089 et
646 2015 768 2089 audaci
791 2016 1054 2114 proficiscuntur
1071 2019 1121 2092 in·

314 2150 320 2161 ¹
413 2200 422 2211 .,
468 2132 572 2229 genio
598 2156 667 2229 ego
701 2131 851 2222 excud0,
879 2148 913 2206 te
938 2157 1119 2208 censorem

269 2247 395 2345 deligo,
407 2273 482 2321 nam
502 2264 558 2321 tua
571 2247 667 2344 quod
681 2246 838 2345 singulari
854 2247 886 2319 in
905 2273 961 2321 me
978 2247 1121 2322 benivo-

267 2364 490 2438 lentiamitius
500 2363 626 2437 delicta
636 2364 949 2461 meacorrigeS‚vel
959 2364 985 2439 si
994 2366 1120 2463 proba·

268 2478 355 2551 veris
377 2503 397 2551 a
421 2481 513 2552 nullo
531 2477 687 2575 redargui
706 2477 837 2566 dubito,
857 2478 920 2553 sed
939 2480 1120 2576 probatum
1136 2504 1166 2542 ιο

268 2592 304 2664 iri
322 2591 448 2690 ubique
457 2593 609 2691 gentium
628 2593 780 2666 confido.
802 2596 876 2666 Res
896 2594 1119 2667 Brixiensium

269 2731 377 2804 nuper
398 2724 515 2804 gestas
533 2707 671 2805 quidam
691 2707 773 2781 civis
792 2693 978 2805 indigentia
995 2708 1039 2782 ad
1057 2710 1121 2781 hos

268 2839 425 2919 pretores
434 2824 653 2898 Veronenses
666 2822 922 2921 descripsitsuo
931 2824 1120 2921 elloquenti

266 2935 589 3012 sermone.'Verum
616 2939 708 3036 quia,
732 2956 767 3012 ut
792 2939 981 3036 aliquorum
1000 2939 1119 3037 opinio

266 3070 302 3126 et
328 3052 489 3126 iudicium
518 3053 589 3143 suit,
608 3054 760 3151 oportuit
782 3054 896 3151 aliqua
913 3078 990 3127 cum
1010 3053 1119 3152 digni·
1135 3080 1160 3135 ις

267 3186 336 3241 tate
362 3168 525 3242 orationis
552 3168 764 3266 responderi,
783 3168 863 3241 mihi
891 3169 1030 3266 indigno
1056 3194 1119 3266 per

265 3283 487 3359 clarissimum
513 3283 619 3356 virum
641 3283 813 3358 Andrean
838 3285 1064 3382 Mocenigum
1083 3284 1117 3359 id

265 3401 403 3476 honeris
429 3401 579 3475 delatum
607 3417 671 3491 est,
693 3425 754 3475 sua
771 3400 878 3499 magis
896 3400 941 3474 de
960 3425 1015 3474 me
1032 3424 1117 3474 con·

265 3533 368 3614 cepta
398 3515 630 3601 extimatione,
661 3539 763 3613 quarn
796 3541 856 3614 pre
886 3515 958 3590 aliis
989 3533 1116 3590 tantum
