2850 4694
714 588 770 655 ²50

317 766 388 813 rum
419 758 454 817 te
492 766 570 817 esse
600 768 820 818 concernam.
872 744 1041 818 Profecto
1076 744 1166 817 enim

315 856 349 928 in
374 858 497 942 caelum
525 857 680 932 laudibus
707 858 924 934 extollendus
950 884 989 934 es
1014 876 1051 933 et
1073 860 1167 933 cele·

317 970 474 1049 brandus.
487 974 605 1075 Quem
617 973 706 1048 enim
717 973 976 1051 adolescentem
988 978 1055 1049 hac
1063 991 1168 1050 aetate

316 1087 362 1162 ita
392 1087 515 1164 virtute
550 1091 682 1187 pollere
712 1107 747 1164 et
773 1089 892 1164 litteris
917 1108 1044 1189 sponte
1074 1092 1168 1163 nullo

289 1229 454 1302 rprorsus
499 1205 637 1280 stimulo
676 1204 875 1280 incumbere
912 1205 1167 1304 prospicimus?

317 1320 501 1395 Neminem
528 1320 700 1417 proiecto,
718 1321 846 1409 credo;
865 1324 954 1396 hane
972 1321 1064 1396 enim
1082 1346 1166 1396 con·

316 1437 480 1512 iecturam
491 1435 585 1511 domi
600 1436 703 1527 sacio,
719 1463 762 1511 ne
776 1462 926 1536 quaeram
942 1438 1165 1513 forisverum

315 1556 384 1627 hoc
406 1578 427 1628 a
444 1551 561 1628 divino
578 1552 694 1626 animo
711 1553 949 1651 proficiscitur.
972 1557 1088 1628 Recte
1107 1554 1166 1653 igi-

315 1686 368 1742 tur
394 1668 488 1744 sacis.
518 1669 608 1742 Nam
635 1668 719 1766 quid
737 1669 856 1744 litteris
874 1671 1073 1767 praeclarius
1089 1694 1166 1744 esse

272 1811 302 1848 ιο
315 1785 493 1861 dicemus?
533 1784 694 1882 Legimus
723 1785 825 1876 enim,
856 1802 983 1883 quanta
1001 1786 1166 1860 maiorum

316 1919 507 1976 nostrorum
531 1898 686 1974 discendi
710 1899 810 1974 suerit
830 1899 984 1991 aviditas,
1003 1900 1165 1999 quoniam

315 2042 335 2091 a
360 2041 494 2092 summo
520 2017 671 2090 omnium
690 2034 787 2114 patre
806 2016 886 2089 nihil
913 2017 1033 2092 melius
1059 2017 1164 2091 tribu·

315 2151 385 2207 tum
396 2159 473 2208 esse
482 2134 682 2208 censebant.
699 2130 848 2207 Euclidis
862 2132 1059 2231 philosophi
1073 2151 1166 2207 tanta

315 2247 447 2324 sciendi
461 2247 631 2346 cupiditas
645 2266 718 2322 erat
732 2264 767 2321 ut
780 2272 858 2322 eum
873 2248 1043 2323 cavissent
1059 2251 1166 2322 Athe·

275 2391 300 2442 ιι
317 2365 452 2440 nienses
478 2364 636 2455 decreto,
663 2381 699 2437 ut
716 2364 774 2461 qui
794 2363 948 2463 Megaris
966 2364 1050 2439 civis
1075 2382 1167 2440 esset

317 2480 343 2553 si
366 2483 519 2554 Athenas
541 2479 629 2553 serre
653 2478 778 2577 pedem
794 2481 983 2576 prehensus
1000 2498 1106 2571 esset,
1125 2504 1168 2554 ea

318 2620 372 2669 res
397 2595 428 2669 ei
451 2595 606 2692 capitalis
624 2594 725 2685 soret,
744 2594 770 2668 is
788 2594 879 2667 nihili
899 2594 992 2669 sacto
1010 2595 1167 2694 periculo

316 2713 468 2785 Athenas
511 2726 615 2784 noctu
657 2711 861 2809 peragrabat
901 2727 938 2784 et
982 2729 1166 2810 antequam

364 2913 399 2977 (ι)
415 2914 482 2963 enim
497 2926 544 2963 om.
561 2916 590 2963 A.
618 2912 737 2978 (amul.
754 2913 803 2963 AF.
832 2913 867 2976 (4)
883 2915 975 2976 potere
991 2914 1023 2963 R.
1057 2916 1093 2979 (ς)
1109 2928 1169 2978 per·

317 2994 381 3056 spic.
401 2996 430 3042 A.
463 2995 496 3057 (6.
518 2995 542 3056 7)
562 2992 790 3043 Neminem-foris
808 3007 854 3042 om.
874 2996 903 3043 A.
936 2993 971 3058 (6)
987 2993 1054 3043 enim
1072 3008 1120 3043 om.
1138 2995 1167 3044 F.

318 3073 352 3137 (7)
370 3073 440 3122 toris.
466 3073 570 3135 Verum]
595 3073 677 3122 forum
702 3073 730 3122 F.
765 3072 799 3136 (8)
814 3087 830 3122 a
846 3072 993 3123 dominoF.
1027 3074 1117 3136 perric.
1135 3076 1166 3124 A

320 3154 397 3203 Forte
414 3154 443 3203 F.
478 3153 528 3216 (ιο)
545 3152 653 3203 dicimus
668 3156 697 3214 A,
715 3153 797 3203 decus
813 3154 842 3203 F.
871 3166 929 3203 eum
946 3153 974 3202 F.
1008 3152 1058 3217 (ιι)
1082 3154 1106 3202 in
1131 3155 1169 3204 di-

318 3233 416 3282 scendo
433 3232 532 3282 fueritis
562 3233 628 3282 ovid.
654 3247 767 3295 quamn
794 3233 821 3282 F.
856 3234 906 3296 (ιι)
921 3233 995 3283 nichil
1012 3232 1042 3294 F}
1060 3236 1092 3283 nit
1112 3236 1167 3284 AR

318 3315 366 3375 (ιι.
387 3313 425 3374 13)
451 3326 510 3362 esse
538 3313 595 3361 trib.
612 3314 643 3362 R.
678 3311 727 3376 (ιι)
743 3313 849 3363 euclidis
864 3314 895 3362 R.
929 3312 979 3374 (¹⁴)
996 3313 1112 3363 discendi
1139 3313 1168 3363 F.

318 3392 368 3455 (ις)
392 3400 418 3441 et
442 3392 485 3454 qui
509 3405 637 3455 megurum
660 3392 689 3441 F.
729 3392 779 3456 (ιό)
804 3391 884 3442 terret
907 3391 960 3441 AR.
1001 3405 1113 3454 prensus
1139 3393 1168 3443 F.

318 3471 368 3535 (17)
385 3473 418 3520 mr
434 3474 463 3520 A.
481 3480 536 3521 ern
553 3473 585 3521 a.
620 3472 657 3520 rus
674 3462 748 3522 nictu
765 3472 793 3520 ι’.
828 3471 878 3536 (ra)
892 3471 1046 3534 peremunt
1062 3474 1171 3522 arueras

318 3560 394 3601 noctu
407 3553 439 3600 R.
