2850 4694
558 576 613 664 187

161 783 239 834 cum
267 784 321 833 me
346 760 390 834 ad
420 756 639 832 scribendum
670 754 858 845 vocaveris,
878 753 1009 853 ingrati,

162 875 387 974 imprudentis
424 874 636 971 audacisque
667 871 814 946 hominis
855 870 1009 948 officium

162 992 362 1082 existimavi,
390 1016 445 1065 me
471 1008 539 1065 tuae
566 987 815 1063 honestissimae
846 986 1009 1062 voluntati

162 1134 230 1182 non
257 1131 387 1182 morem
412 1131 535 1206 gerere
562 1131 633 1203 quo
656 1130 709 1179 res
726 1128 876 1204 cumque
894 1103 1006 1178 cadat.

161 1226 294 1298 Vereor
310 1223 401 1297 enim
420 1247 499 1296 cum
518 1222 744 1321 ipsemecum
762 1219 1008 1311 animadverto,
1042 1244 1052 1296 t

161 1366 233 1438 quo
247 1339 280 1413 in
298 1341 391 1429 ioco,
410 1340 534 1437 quibus
552 1339 754 1413 censoribus
770 1337 899 1412 litteras
917 1338 1008 1435 leg0,

161 1481 204 1530 ne
231 1455 310 1528 mihi
337 1454 508 1529 obiciatur
530 1454 576 1545 id,
595 1453 690 1552 quod
711 1453 893 1529 Petronius
909 1453 1010 1527 Arbi-

160 1587 223 1661 ter,
242 1571 292 1644 vir
320 1595 403 1645 sane
433 1569 664 1664 doctissimus,
694 1571 826 1669 optime
860 1594 902 1645 ac
927 1593 1009 1643 vere

162 1687 243 1760 ioco
260 1684 388 1761 dixisse
406 1687 496 1761 visus
516 1702 579 1761 est.
606 1687 664 1761 Ait
688 1687 797 1761 enirn:
827 1701 1008 1784 postquam

160 1802 282 1901 aliquis
307 1827 440 1876 versum
466 1802 614 1901 pedibus
640 1802 838 1877 instructum
856 1821 1055 1877 sensum-10

161 1943 230 2015 que
256 1918 464 1992 teneriorem
490 1920 672 1992 verborum
698 1920 826 1993 ambitu
854 1918 1008 2011 intexuit,

161 2033 290 2130 putavit
315 2058 353 2107 se
375 2035 541 2108 continuo
568 2035 600 2107 in
630 2035 840 2109 Heliconem
862 2034 1007 2109 venisse.

162 2146 246 2221 iliud
272 2173 415 2247 quoque
434 2149 680 2249 Pithagoreum
707 2175 790 2249 erga
807 2175 861 2224 me
880 2149 1009 2224 consti·

161 2279 268 2336 tutum
295 2288 372 2338 esse
399 2289 591 2363 cognosco,
617 2292 689 2365 quo
708 2267 802 2340 iubet
818 2264 1009 2363 discipulos

160 2404 241 2453 suos
259 2405 327 2452 non
342 2379 451 2455 minus
464 2406 567 2478 quam
582 2381 754 2456 biennium
769 2397 886 2455 tacere
900 2380 1008 2470 initio,
1025 2397 1050 2450 15

162 2520 216 2585 ne,
235 2493 330 2593 quod
349 2512 448 2594 turpe
466 2513 530 2588 est,
550 2496 629 2589 salli,
639 2523 764 2588 errare,
779 2496 896 2595 decipi
914 2494 1008 2570 vide·

162 2626 297 2702 rentur,
327 2613 381 2685 vel
411 2611 507 2711 quod
538 2612 689 2688 nondum
719 2614 800 2700 satis
829 2614 1009 2711 explorate

162 2726 401 2824 percepissent
426 2729 636 2827 pertinacius
666 2729 730 2828 ipsi
769 2726 1007 2803 defenderent

209 2999 244 3063 (ι)
261 3000 394 3050 vocaveris
412 3013 459 3049 om.
482 3002 509 3049 V.
544 3001 652 3066 ingentis
669 3001 700 3052 C
728 3002 763 3065 (ι)
783 3001 903 3065 pudentis
918 3000 948 3062 C,
967 3001 1010 3050 im·

162 3080 225 3143 pud.
240 3080 279 3130 Μ.
314 3079 347 3142 (3)
367 3081 564 3131 ιιιοοιιιιιι.οΜ.
599 3081 634 3145 (ι)
656 3095 754 3131 morem
766 3097 815 3132 non
839 3095 931 3146 gerere
944 3081 1007 3131 GM.

161 3172 327 3222 quocumque
343 3173 385 3209 res
402 3161 435 3210 G.
469 3159 569 3225 (φρει
579 3161 643 3221 GM,
657 3162 736 3225 ipsam
749 3163 776 3210 V.
810 3161 1008 3212 mecumonffl

161 3241 195 3305 (7)
212 3241 254 3302 ne]
272 3254 313 3290 me
330 3239 418 3304 G(i)i¹.
453 3241 479 3290 id
493 3241 629 3291 obiiciatur
648 3243 676 3290 V.
701 3250 844 3304 petroneus
857 3243 895 3292 Μ.
914 3243 948 3306 (8)
965 3255 1011 3305 op-

161 3321 221 3369 time
250 3334 296 3369 om.
322 3320 350 3369 V.
385 3321 433 3383 (ιο.
455 3320 492 3383 ιι)
516 3334 636 3370 sensuum
661 3321 692 3371 α
726 3321 776 3385 (ιι)
801 3335 830 3371 se
854 3323 922 3372 illico
945 3322 1009 3372 GM.

161 3400 287 3449 eticonem
295 3399 383 3449 CGM.
417 3398 467 3463 (η)
478 3400 555 3464 pitag.
565 3400 653 3450 CGM.
677 3400 727 3465 (ιι)
738 3414 830 3464 congn.
841 3401 871 3451 (ἱ
896 3402 946 3466 (ις)
957 3401 1011 3451 bie·

161 3479 228 3528 nium
245 3479 276 3529 C.
310 3482 359 3544 (ιό)
378 3480 465 3530 tatic
499 3481 578 3529 errari
595 3481 629 3531 G.
663 3480 714 3544 (17)
731 3481 843 3530 nundum
864 3483 891 3530 V.
924 3483 1011 3544 expio·

161 3573 219 3608 rare
236 3559 265 3609 C.
284 3560 333 3621 (ιθ)
351 3560 501 3623 pertinatius
517 3562 555 3621 Μ,
571 3562 737 3623 pertinaciter
757 3562 783 3610 V.
