<?xml version="1.0" encoding="UTF-8"?>
<!DOCTYPE html PUBLIC "-//W3C//DTD XHTML 1.0 Transitional//EN"
    "http://www.w3.org/TR/xhtml1/DTD/xhtml1-transitional.dtd">
<html xmlns="http://www.w3.org/1999/xhtml" xml:lang="en" lang="en">
 <head>
  <title>
</title>
<meta http-equiv="Content-Type" content="text/html;charset=utf-8" />
  <meta name='ocr-system' content='tesseract 3.04.00' />
  <meta name='ocr-capabilities' content='ocr_page ocr_carea ocr_par ocr_line ocrx_word'/>
</head>
<body>
  <div class='ocr_page' id='page_1' title='image "./isotnogarolvero00nogagoog/isotnogarolvero00nogagoog_0324.png"; bbox 0 0 2850 4694; ppageno 0'>
   <div class='ocr_carea' id='block_1_1' title="bbox 851 591 904 646">
    <p class='ocr_par' dir='ltr' id='par_1_1' title="bbox 851 591 904 646">
     <span class='ocr_line' id='line_1_1' title="bbox 851 591 904 646; baseline 0 -12"><span class='ocrx_word' id='word_1_1' title='bbox 851 591 904 646; x_wconf 61' lang='grc' dir='ltr'><strong>ιιι</strong></span> 
     </span>
    </p>
   </div>
   <div class='ocr_carea' id='block_1_2' title="bbox 407 745 1303 2342">
    <p class='ocr_par' dir='ltr' id='par_1_2' title="bbox 407 745 1303 2342">
     <span class='ocr_line' id='line_1_2' title="bbox 450 745 1303 843; baseline 0 -24"><span class='ocrx_word' id='word_1_2' title='bbox 450 769 583 842; x_wconf 84' lang='lat' dir='ltr'><strong>quaes0,</strong></span> <span class='ocrx_word' id='word_1_3' title='bbox 601 745 843 819; x_wconf 82' lang='lat' dir='ltr'><strong>animadverte.</strong></span> <span class='ocrx_word' id='word_1_4' title='bbox 873 747 998 831; x_wconf 84' lang='lat' dir='ltr'><strong>Orant,</strong></span> <span class='ocrx_word' id='word_1_5' title='bbox 1017 745 1074 843; x_wconf 92' lang='lat' dir='ltr'><strong>qui</strong></span> <span class='ocrx_word' id='word_1_6' title='bbox 1094 771 1149 819; x_wconf 91' lang='lat' dir='ltr'><strong>me</strong></span> <span class='ocrx_word' id='word_1_7' title='bbox 1166 746 1212 819; x_wconf 86' lang='lat' dir='ltr'><strong>ad</strong></span> <span class='ocrx_word' id='word_1_8' title='bbox 1230 747 1303 819; x_wconf 91' lang='lat' dir='ltr'><strong>hoc</strong></span> 
     </span>
     <span class='ocr_line' id='line_1_3' title="bbox 449 861 1303 959; baseline 0.004 -26"><span class='ocrx_word' id='word_1_9' title='bbox 449 879 651 959; x_wconf 73' lang='lat' dir='ltr'><strong>coegerunt,</strong></span> <span class='ocrx_word' id='word_1_10' title='bbox 671 878 706 934; x_wconf 90' lang='lat' dir='ltr'><strong>ut</strong></span> <span class='ocrx_word' id='word_1_11' title='bbox 724 861 862 959; x_wconf 91' lang='lat' dir='ltr'><strong>ingenio</strong></span> <span class='ocrx_word' id='word_1_12' title='bbox 880 878 939 935; x_wconf 89' lang='lat' dir='ltr'><strong>tuo</strong></span> <span class='ocrx_word' id='word_1_13' title='bbox 957 886 1037 959; x_wconf 83' lang='lat' dir='ltr'><strong>quae</strong></span> <span class='ocrx_word' id='word_1_14' title='bbox 1055 878 1184 935; x_wconf 89' lang='lat' dir='ltr'><strong>tantum</strong></span> <span class='ocrx_word' id='word_1_15' title='bbox 1200 862 1303 936; x_wconf 86' lang='lat' dir='ltr'><strong>adse-</strong></span> 
     </span>
     <span class='ocr_line' id='line_1_4' title="bbox 450 976 1301 1075; baseline 0.002 -26"><span class='ocrx_word' id='word_1_16' title='bbox 450 993 530 1049; x_wconf 90' lang='lat' dir='ltr'><strong>cuta</strong></span> <span class='ocrx_word' id='word_1_17' title='bbox 554 976 600 1050; x_wconf 88' lang='lat' dir='ltr'><strong>sis</strong></span> <span class='ocrx_word' id='word_1_18' title='bbox 623 980 774 1074; x_wconf 84' lang='lat' dir='ltr'><strong>gratuler</strong></span> <span class='ocrx_word' id='word_1_19' title='bbox 798 994 834 1051; x_wconf 90' lang='lat' dir='ltr'><strong>et</strong></span> <span class='ocrx_word' id='word_1_20' title='bbox 858 977 960 1051; x_wconf 87' lang='lat' dir='ltr'><strong>animi</strong></span> <span class='ocrx_word' id='word_1_21' title='bbox 991 977 1038 1052; x_wconf 91' lang='lat' dir='ltr'><strong>tui</strong></span> <span class='ocrx_word' id='word_1_22' title='bbox 1069 977 1301 1075; x_wconf 69' lang='lat' dir='ltr'><strong>praestantiam</strong></span> 
     </span>
     <span class='ocr_line' id='line_1_5' title="bbox 447 1090 1301 1191; baseline 0.002 -27"><span class='ocrx_word' id='word_1_23' title='bbox 447 1090 596 1166; x_wconf 86' lang='lat' dir='ltr'><strong>laudem.</strong></span> <span class='ocrx_word' id='word_1_24' title='bbox 617 1094 692 1190; x_wconf 85' lang='lat' dir='ltr'><strong>Ego</strong></span> <span class='ocrx_word' id='word_1_25' title='bbox 704 1109 819 1166; x_wconf 88' lang='lat' dir='ltr'><strong>autem</strong></span> <span class='ocrx_word' id='word_1_26' title='bbox 833 1117 912 1166; x_wconf 89' lang='lat' dir='ltr'><strong>cum</strong></span> <span class='ocrx_word' id='word_1_27' title='bbox 926 1093 1117 1191; x_wconf 88' lang='lat' dir='ltr'><strong>aliquorum</strong></span> <span class='ocrx_word' id='word_1_28' title='bbox 1131 1111 1169 1167; x_wconf 88' lang='lat' dir='ltr'><strong>et</strong></span> <span class='ocrx_word' id='word_1_29' title='bbox 1179 1119 1301 1168; x_wconf 90' lang='lat' dir='ltr'><strong>eorum</strong></span> 
     </span>
     <span class='ocr_line' id='line_1_6' title="bbox 424 1207 1302 1308; baseline -0.003 -23"><span class='ocrx_word' id='word_1_30' title='bbox 424 1236 434 1285; x_wconf 75' lang='lat' dir='ltr'><strong>r</strong></span> <span class='ocrx_word' id='word_1_31' title='bbox 449 1207 507 1305; x_wconf 89' lang='lat' dir='ltr'><strong>qui</strong></span> <span class='ocrx_word' id='word_1_32' title='bbox 525 1208 607 1281; x_wconf 89' lang='lat' dir='ltr'><strong>clari</strong></span> <span class='ocrx_word' id='word_1_33' title='bbox 625 1225 742 1282; x_wconf 84' lang='lat' dir='ltr'><strong>essent</strong></span> <span class='ocrx_word' id='word_1_34' title='bbox 767 1208 895 1282; x_wconf 85' lang='lat' dir='ltr'><strong>litteras</strong></span> <span class='ocrx_word' id='word_1_35' title='bbox 912 1209 956 1282; x_wconf 88' lang='lat' dir='ltr'><strong>ad</strong></span> <span class='ocrx_word' id='word_1_36' title='bbox 975 1225 1009 1283; x_wconf 89' lang='lat' dir='ltr'><strong>te</strong></span> <span class='ocrx_word' id='word_1_37' title='bbox 1027 1209 1125 1284; x_wconf 88' lang='lat' dir='ltr'><strong>datas</strong></span> <span class='ocrx_word' id='word_1_38' title='bbox 1143 1212 1302 1308; x_wconf 79' lang='lat' dir='ltr'><strong>perlege</strong></span> 
     </span>
     <span class='ocr_line' id='line_1_7' title="bbox 449 1323 1302 1423; baseline 0.004 -27"><span class='ocrx_word' id='word_1_39' title='bbox 449 1348 532 1412; x_wconf 88' lang='lat' dir='ltr'><strong>rem,</strong></span> <span class='ocrx_word' id='word_1_40' title='bbox 551 1340 587 1397; x_wconf 91' lang='lat' dir='ltr'><strong>et</strong></span> <span class='ocrx_word' id='word_1_41' title='bbox 603 1323 678 1397; x_wconf 89' lang='lat' dir='ltr'><strong>eius</strong></span> <span class='ocrx_word' id='word_1_42' title='bbox 709 1324 910 1421; x_wconf 75' lang='lat' dir='ltr'><strong>praesertim,</strong></span> <span class='ocrx_word' id='word_1_43' title='bbox 929 1325 987 1423; x_wconf 91' lang='lat' dir='ltr'><strong>qui</strong></span> <span class='ocrx_word' id='word_1_44' title='bbox 1018 1350 1153 1399; x_wconf 93' lang='lat' dir='ltr'><strong>manum</strong></span> <span class='ocrx_word' id='word_1_45' title='bbox 1181 1325 1302 1400; x_wconf 84' lang='lat' dir='ltr'><strong>lerulae</strong></span> 
     </span>
     <span class='ocr_line' id='line_1_8' title="bbox 448 1439 1301 1538; baseline 0 -24"><span class='ocrx_word' id='word_1_46' title='bbox 448 1463 487 1514; x_wconf 88' lang='lat' dir='ltr'><strong>se</strong></span> <span class='ocrx_word' id='word_1_47' title='bbox 512 1439 606 1514; x_wconf 89' lang='lat' dir='ltr'><strong>dicat</strong></span> <span class='ocrx_word' id='word_1_48' title='bbox 632 1439 834 1514; x_wconf 90' lang='lat' dir='ltr'><strong>subduxisse</strong></span> <span class='ocrx_word' id='word_1_49' title='bbox 860 1458 898 1513; x_wconf 91' lang='lat' dir='ltr'><strong>et</strong></span> <span class='ocrx_word' id='word_1_50' title='bbox 922 1441 979 1537; x_wconf 93' lang='lat' dir='ltr'><strong>qui</strong></span> <span class='ocrx_word' id='word_1_51' title='bbox 998 1466 1019 1514; x_wconf 99' lang='lat' dir='ltr'><strong>a</strong></span> <span class='ocrx_word' id='word_1_52' title='bbox 1036 1441 1177 1538; x_wconf 91' lang='lat' dir='ltr'><strong>poetica</strong></span> <span class='ocrx_word' id='word_1_53' title='bbox 1196 1441 1301 1515; x_wconf 89' lang='lat' dir='ltr'><strong>etiam</strong></span> 
     </span>
     <span class='ocr_line' id='line_1_9' title="bbox 450 1557 1303 1655; baseline 0.005 -27"><span class='ocrx_word' id='word_1_54' title='bbox 450 1581 517 1629; x_wconf 89' lang='lat' dir='ltr'><strong>non</strong></span> <span class='ocrx_word' id='word_1_55' title='bbox 535 1558 730 1646; x_wconf 89' lang='lat' dir='ltr'><strong>abhorreat,</strong></span> <span class='ocrx_word' id='word_1_56' title='bbox 749 1573 879 1654; x_wconf 91' lang='lat' dir='ltr'><strong>quanto</strong></span> <span class='ocrx_word' id='word_1_57' title='bbox 897 1583 985 1632; x_wconf 85' lang='lat' dir='ltr'><strong>meae</strong></span> <span class='ocrx_word' id='word_1_58' title='bbox 999 1583 1101 1655; x_wconf 89' lang='lat' dir='ltr'><strong>quam</strong></span> <span class='ocrx_word' id='word_1_59' title='bbox 1120 1557 1206 1631; x_wconf 91' lang='lat' dir='ltr'><strong>illius</strong></span> <span class='ocrx_word' id='word_1_60' title='bbox 1223 1582 1303 1655; x_wconf 87' lang='lat' dir='ltr'><strong>par·</strong></span> 
     </span>
     <span class='ocr_line' id='line_1_10' title="bbox 449 1671 1302 1764; baseline 0.005 -20"><span class='ocrx_word' id='word_1_61' title='bbox 449 1687 501 1744; x_wconf 89' lang='lat' dir='ltr'><strong>tes</strong></span> <span class='ocrx_word' id='word_1_62' title='bbox 527 1671 706 1746; x_wconf 82' lang='lat' dir='ltr'><strong>inferiores</strong></span> <span class='ocrx_word' id='word_1_63' title='bbox 735 1672 812 1762; x_wconf 91' lang='lat' dir='ltr'><strong>sint,</strong></span> <span class='ocrx_word' id='word_1_64' title='bbox 843 1697 926 1747; x_wconf 87' lang='lat' dir='ltr'><strong>sane</strong></span> <span class='ocrx_word' id='word_1_65' title='bbox 957 1699 1025 1747; x_wconf 91' lang='lat' dir='ltr'><strong>non</strong></span> <span class='ocrx_word' id='word_1_66' title='bbox 1051 1699 1125 1746; x_wconf 90' lang='lat' dir='ltr'><strong>sum</strong></span> <span class='ocrx_word' id='word_1_67' title='bbox 1152 1674 1302 1764; x_wconf 87' lang='lat' dir='ltr'><strong>nescius,</strong></span> 
     </span>
     <span class='ocr_line' id='line_1_11' title="bbox 407 1787 1302 1887; baseline 0.009 -32"><span class='ocrx_word' id='word_1_68' title='bbox 407 1811 527 1859; x_wconf 67' lang='lat' dir='ltr'><strong>iocum</strong></span> <span class='ocrx_word' id='word_1_69' title='bbox 554 1787 672 1861; x_wconf 88' lang='lat' dir='ltr'><strong>dicere</strong></span> <span class='ocrx_word' id='word_1_70' title='bbox 699 1787 780 1862; x_wconf 93' lang='lat' dir='ltr'><strong>illud</strong></span> <span class='ocrx_word' id='word_1_71' title='bbox 797 1788 843 1862; x_wconf 88' lang='lat' dir='ltr'><strong>de</strong></span> <span class='ocrx_word' id='word_1_72' title='bbox 861 1814 917 1862; x_wconf 92' lang='lat' dir='ltr'><strong>me</strong></span> <span class='ocrx_word' id='word_1_73' title='bbox 944 1814 1013 1862; x_wconf 90' lang='lat' dir='ltr'><strong>non</strong></span> <span class='ocrx_word' id='word_1_74' title='bbox 1032 1789 1170 1887; x_wconf 92' lang='lat' dir='ltr'><strong>possim.</strong></span> <span class='ocrx_word' id='word_1_75' title='bbox 1207 1789 1302 1863; x_wconf 81' lang='lat' dir='ltr'><strong>Alius</strong></span> 
     </span>
     <span class='ocr_line' id='line_1_12' title="bbox 449 1903 1300 2003; baseline 0.002 -26"><span class='ocrx_word' id='word_1_76' title='bbox 449 1920 562 1977; x_wconf 91' lang='lat' dir='ltr'><strong>autem</strong></span> <span class='ocrx_word' id='word_1_77' title='bbox 579 1903 691 1978; x_wconf 85' lang='lat' dir='ltr'><strong>aetatis</strong></span> <span class='ocrx_word' id='word_1_78' title='bbox 717 1921 843 1978; x_wconf 79' lang='lat' dir='ltr'><strong>nostrae</strong></span> <span class='ocrx_word' id='word_1_79' title='bbox 864 1905 965 1979; x_wconf 81' lang='lat' dir='ltr'><strong>facile</strong></span> <span class='ocrx_word' id='word_1_80' title='bbox 992 1905 1153 2003; x_wconf 90' lang='lat' dir='ltr'><strong>princeps</strong></span> <span class='ocrx_word' id='word_1_81' title='bbox 1171 1922 1300 1979; x_wconf 92' lang='lat' dir='ltr'><strong>tantum</strong></span> 
     </span>
     <span class='ocr_line' id='line_1_13' title="bbox 450 2019 1302 2118; baseline 0.001 -25"><span class='ocrx_word' id='word_1_82' title='bbox 450 2019 510 2093; x_wconf 91' lang='lat' dir='ltr'><strong>tibi</strong></span> <span class='ocrx_word' id='word_1_83' title='bbox 527 2021 713 2117; x_wconf 85' lang='lat' dir='ltr'><strong>gratulatur</strong></span> <span class='ocrx_word' id='word_1_84' title='bbox 738 2037 920 2117; x_wconf 88' lang='lat' dir='ltr'><strong>tantusque</strong></span> <span class='ocrx_word' id='word_1_85' title='bbox 948 2021 980 2094; x_wconf 94' lang='lat' dir='ltr'><strong>in</strong></span> <span class='ocrx_word' id='word_1_86' title='bbox 1003 2021 1068 2093; x_wconf 84' lang='lat' dir='ltr'><strong>tuis</strong></span> <span class='ocrx_word' id='word_1_87' title='bbox 1086 2046 1302 2118; x_wconf 90' lang='lat' dir='ltr'><strong>prosequen-</strong></span> 
     </span>
     <span class='ocr_line' id='line_1_14' title="bbox 450 2135 1301 2235; baseline 0.002 -26"><span class='ocrx_word' id='word_1_88' title='bbox 450 2135 502 2209; x_wconf 93' lang='lat' dir='ltr'><strong>dis</strong></span> <span class='ocrx_word' id='word_1_89' title='bbox 537 2153 590 2209; x_wconf 86' lang='lat' dir='ltr'><strong>est</strong></span> <span class='ocrx_word' id='word_1_90' title='bbox 614 2136 782 2225; x_wconf 76' lang='lat' dir='ltr'><strong>laudibus,</strong></span> <span class='ocrx_word' id='word_1_91' title='bbox 819 2154 944 2211; x_wconf 88' lang='lat' dir='ltr'><strong>utnon</strong></span> <span class='ocrx_word' id='word_1_92' title='bbox 971 2138 1078 2211; x_wconf 92' lang='lat' dir='ltr'><strong>modo</strong></span> <span class='ocrx_word' id='word_1_93' title='bbox 1111 2154 1148 2210; x_wconf 91' lang='lat' dir='ltr'><strong>et</strong></span> <span class='ocrx_word' id='word_1_94' title='bbox 1174 2137 1301 2235; x_wconf 88' lang='lat' dir='ltr'><strong>ingenii</strong></span> 
     </span>
     <span class='ocr_line' id='line_1_15' title="bbox 449 2251 1302 2342; baseline 0.005 -16"><span class='ocrx_word' id='word_1_95' title='bbox 449 2269 484 2326; x_wconf 88' lang='lat' dir='ltr'><strong>et</strong></span> <span class='ocrx_word' id='word_1_96' title='bbox 498 2252 599 2325; x_wconf 93' lang='lat' dir='ltr'><strong>animi</strong></span> <span class='ocrx_word' id='word_1_97' title='bbox 613 2253 660 2325; x_wconf 91' lang='lat' dir='ltr'><strong>tui</strong></span> <span class='ocrx_word' id='word_1_98' title='bbox 674 2251 860 2326; x_wconf 91' lang='lat' dir='ltr'><strong>admirator</strong></span> <span class='ocrx_word' id='word_1_99' title='bbox 868 2270 904 2327; x_wconf 89' lang='lat' dir='ltr'><strong>et</strong></span> <span class='ocrx_word' id='word_1_100' title='bbox 913 2254 1069 2327; x_wconf 88' lang='lat' dir='ltr'><strong>laudator</strong></span> <span class='ocrx_word' id='word_1_101' title='bbox 1077 2254 1227 2342; x_wconf 88' lang='lat' dir='ltr'><strong>accedit,</strong></span> <span class='ocrx_word' id='word_1_102' title='bbox 1237 2255 1302 2330; x_wconf 88' lang='lat' dir='ltr'><strong>sed</strong></span> 
     </span>
    </p>
   </div>
   <div class='ocr_carea' id='block_1_3' title="bbox 406 2367 1302 2817">
    <p class='ocr_par' dir='ltr' id='par_1_3' title="bbox 406 2367 1302 2817">
     <span class='ocr_line' id='line_1_16' title="bbox 406 2367 1302 2468; baseline 0 -24"><span class='ocrx_word' id='word_1_103' title='bbox 406 2391 432 2444; x_wconf 70' lang='grc' dir='ltr'><strong>ιι</strong></span> <span class='ocrx_word' id='word_1_104' title='bbox 448 2367 495 2442; x_wconf 89' lang='lat' dir='ltr'><strong>ita</strong></span> <span class='ocrx_word' id='word_1_105' title='bbox 512 2367 687 2441; x_wconf 86' lang='lat' dir='ltr'><strong>mulierum</strong></span> <span class='ocrx_word' id='word_1_106' title='bbox 702 2394 840 2442; x_wconf 91' lang='lat' dir='ltr'><strong>omnem</strong></span> <span class='ocrx_word' id='word_1_107' title='bbox 859 2395 977 2443; x_wconf 90' lang='lat' dir='ltr'><strong>sexum</strong></span> <span class='ocrx_word' id='word_1_108' title='bbox 996 2395 1058 2468; x_wconf 95' lang='lat' dir='ltr'><strong>per</strong></span> <span class='ocrx_word' id='word_1_109' title='bbox 1076 2385 1111 2443; x_wconf 85' lang='lat' dir='ltr'><strong>te</strong></span> <span class='ocrx_word' id='word_1_110' title='bbox 1129 2372 1302 2462; x_wconf 89' lang='lat' dir='ltr'><strong>honestat,</strong></span> 
     </span>
     <span class='ocr_line' id='line_1_17' title="bbox 449 2483 1302 2560; baseline 0.006 -5"><span class='ocrx_word' id='word_1_111' title='bbox 449 2498 485 2555; x_wconf 91' lang='lat' dir='ltr'><strong>ut</strong></span> <span class='ocrx_word' id='word_1_112' title='bbox 512 2484 631 2557; x_wconf 89' lang='lat' dir='ltr'><strong>Musas</strong></span> <span class='ocrx_word' id='word_1_113' title='bbox 656 2483 758 2556; x_wconf 92' lang='lat' dir='ltr'><strong>etiam</strong></span> <span class='ocrx_word' id='word_1_114' title='bbox 786 2483 819 2556; x_wconf 93' lang='lat' dir='ltr'><strong>in</strong></span> <span class='ocrx_word' id='word_1_115' title='bbox 845 2484 933 2558; x_wconf 89' lang='lat' dir='ltr'><strong>illius</strong></span> <span class='ocrx_word' id='word_1_116' title='bbox 958 2488 1125 2558; x_wconf 91' lang='lat' dir='ltr'><strong>honorem</strong></span> <span class='ocrx_word' id='word_1_117' title='bbox 1157 2485 1302 2560; x_wconf 87' lang='lat' dir='ltr'><strong>seminas</strong></span> 
     </span>
     <span class='ocr_line' id='line_1_18' title="bbox 447 2597 1301 2699; baseline 0.007 -31"><span class='ocrx_word' id='word_1_118' title='bbox 447 2597 537 2670; x_wconf 85' lang='lat' dir='ltr'><strong>velit.</strong></span> <span class='ocrx_word' id='word_1_119' title='bbox 571 2599 681 2699; x_wconf 86' lang='lat' dir='ltr'><strong>Quod</strong></span> <span class='ocrx_word' id='word_1_120' title='bbox 706 2624 784 2672; x_wconf 92' lang='lat' dir='ltr'><strong>cum</strong></span> <span class='ocrx_word' id='word_1_121' title='bbox 811 2600 957 2697; x_wconf 87' lang='lat' dir='ltr'><strong>copiose</strong></span> <span class='ocrx_word' id='word_1_122' title='bbox 984 2600 1096 2690; x_wconf 84' lang='lat' dir='ltr'><strong>saciat,</strong></span> <span class='ocrx_word' id='word_1_123' title='bbox 1115 2599 1191 2697; x_wconf 90' lang='lat' dir='ltr'><strong>quis</strong></span> <span class='ocrx_word' id='word_1_124' title='bbox 1219 2600 1301 2674; x_wconf 91' lang='lat' dir='ltr'><strong>mihi</strong></span> 
     </span>
     <span class='ocr_line' id='line_1_19' title="bbox 448 2713 1301 2817; baseline 0.007 -32"><span class='ocrx_word' id='word_1_125' title='bbox 448 2728 527 2810; x_wconf 93' lang='lat' dir='ltr'><strong>post</strong></span> <span class='ocrx_word' id='word_1_126' title='bbox 557 2713 646 2786; x_wconf 90' lang='lat' dir='ltr'><strong>illum</strong></span> <span class='ocrx_word' id='word_1_127' title='bbox 677 2715 827 2817; x_wconf 88' lang='lat' dir='ltr'><strong>reliquus</strong></span> <span class='ocrx_word' id='word_1_128' title='bbox 856 2741 934 2790; x_wconf 86' lang='lat' dir='ltr'><strong>esse</strong></span> <span class='ocrx_word' id='word_1_129' title='bbox 964 2718 1061 2790; x_wconf 93' lang='lat' dir='ltr'><strong>locus</strong></span> <span class='ocrx_word' id='word_1_130' title='bbox 1092 2716 1211 2813; x_wconf 86' lang='lat' dir='ltr'><strong>possit,</strong></span> <span class='ocrx_word' id='word_1_131' title='bbox 1231 2743 1301 2791; x_wconf 90' lang='lat' dir='ltr'><strong>non</strong></span> 
     </span>
    </p>
   </div>
   <div class='ocr_carea' id='block_1_4' title="bbox 445 2915 1302 3620">
    <p class='ocr_par' dir='ltr' id='par_1_4' title="bbox 445 2915 1302 3620">
     <span class='ocr_line' id='line_1_20' title="bbox 494 2915 1302 2981; baseline 0.005 -16"><span class='ocrx_word' id='word_1_132' title='bbox 494 2915 528 2978; x_wconf 91' lang='grc' dir='ltr'><strong>(ι)</strong></span> <span class='ocrx_word' id='word_1_133' title='bbox 544 2916 668 2978; x_wconf 78' lang='lat' dir='ltr'><strong>quianam.</strong></span> <span class='ocrx_word' id='word_1_134' title='bbox 685 2917 772 2967; x_wconf 85' lang='lat' dir='ltr'>CGM.</span> <span class='ocrx_word' id='word_1_135' title='bbox 799 2917 833 2980; x_wconf 83' lang='grc' dir='ltr'><strong>(ι)</strong></span> <span class='ocrx_word' id='word_1_136' title='bbox 845 2927 987 2981; x_wconf 82' lang='lat' dir='ltr'><strong>coegerunt</strong></span> <span class='ocrx_word' id='word_1_137' title='bbox 999 2932 1045 2966; x_wconf 82' lang='lat' dir='ltr'><strong>ont</strong></span> <span class='ocrx_word' id='word_1_138' title='bbox 1059 2919 1087 2965; x_wconf 86' lang='lat' dir='ltr'><strong>V.</strong></span> <span class='ocrx_word' id='word_1_139' title='bbox 1106 2918 1138 2979; x_wconf 83' lang='grc' dir='ltr'><strong>(ι.</strong></span> <span class='ocrx_word' id='word_1_140' title='bbox 1153 2921 1302 2981; x_wconf 59' lang='lat' dir='ltr'><strong>„assecuta</strong></span> 
     </span>
     <span class='ocr_line' id='line_1_21' title="bbox 448 2997 1298 3060; baseline 0.004 -15"><span class='ocrx_word' id='word_1_141' title='bbox 448 2997 511 3046; x_wconf 83' lang='lat' dir='ltr'><strong>GM.</strong></span> <span class='ocrx_word' id='word_1_142' title='bbox 556 2997 590 3060; x_wconf 77' lang='grc'><strong>())</strong></span> <span class='ocrx_word' id='word_1_143' title='bbox 613 2999 742 3060; x_wconf 67' lang='lat' dir='ltr'><strong>praestanti</strong></span> <span class='ocrx_word' id='word_1_144' title='bbox 766 3011 794 3047; x_wconf 84' lang='lat' dir='ltr'><strong>ex</strong></span> <span class='ocrx_word' id='word_1_145' title='bbox 817 2999 1048 3060; x_wconf 72' lang='lat' dir='ltr'><strong>praestantissimam</strong></span> <span class='ocrx_word' id='word_1_146' title='bbox 1073 3000 1110 3048; x_wconf 89' lang='grc' dir='ltr'><strong>Μ.</strong></span> <span class='ocrx_word' id='word_1_147' title='bbox 1154 2998 1188 3060; x_wconf 82' lang='grc'><strong>(4)</strong></span> <span class='ocrx_word' id='word_1_148' title='bbox 1205 3008 1250 3048; x_wconf 86' lang='lat' dir='ltr'><strong>aut</strong></span> <span class='ocrx_word' id='word_1_149' title='bbox 1267 3000 1298 3049; x_wconf 91' lang='lat' dir='ltr'><strong>C.</strong></span> 
     </span>
     <span class='ocr_line' id='line_1_22' title="bbox 447 3076 1301 3142; baseline 0.002 -17"><span class='ocrx_word' id='word_1_150' title='bbox 447 3084 499 3125; x_wconf 89' lang='lat' dir='ltr'><strong>tum</strong></span> <span class='ocrx_word' id='word_1_151' title='bbox 524 3079 557 3126; x_wconf 89' lang='lat' dir='ltr'><strong>G.</strong></span> <span class='ocrx_word' id='word_1_152' title='bbox 600 3076 632 3140; x_wconf 73' lang='grc' dir='ltr'><strong>(ς.</strong></span> <span class='ocrx_word' id='word_1_153' title='bbox 651 3079 675 3141; x_wconf 84' lang='grc'><strong>6)</strong></span> <span class='ocrx_word' id='word_1_154' title='bbox 698 3079 852 3142; x_wconf 85' lang='lat' dir='ltr'><strong>perlegerim</strong></span> <span class='ocrx_word' id='word_1_155' title='bbox 878 3080 941 3128; x_wconf 88' lang='lat' dir='ltr'><strong>GM.</strong></span> <span class='ocrx_word' id='word_1_156' title='bbox 985 3079 1019 3141; x_wconf 83' lang='lat'><strong>(7)</strong></span> <span class='ocrx_word' id='word_1_157' title='bbox 1036 3081 1076 3141; x_wconf 85' lang='lat' dir='ltr'><strong>se]</strong></span> <span class='ocrx_word' id='word_1_158' title='bbox 1093 3080 1113 3127; x_wconf 87' lang='lat' dir='ltr'><strong>si</strong></span> <span class='ocrx_word' id='word_1_159' title='bbox 1135 3080 1161 3126; x_wconf 86' lang='lat' dir='ltr'><strong>V.</strong></span> <span class='ocrx_word' id='word_1_160' title='bbox 1202 3076 1239 3142; x_wconf 83' lang='grc'><strong>(8)</strong></span> <span class='ocrx_word' id='word_1_161' title='bbox 1256 3079 1301 3128; x_wconf 83' lang='lat' dir='ltr'><strong>ad·</strong></span> 
     </span>
     <span class='ocr_line' id='line_1_23' title="bbox 448 3157 1300 3222; baseline 0.004 -17"><span class='ocrx_word' id='word_1_162' title='bbox 448 3157 550 3206; x_wconf 84' lang='lat' dir='ltr'><strong>horreat</strong></span> <span class='ocrx_word' id='word_1_163' title='bbox 582 3160 609 3205; x_wconf 85' lang='lat' dir='ltr'><strong>V.</strong></span> <span class='ocrx_word' id='word_1_164' title='bbox 662 3173 702 3207; x_wconf 89' lang='lat' dir='ltr'><strong>me</strong></span> <span class='ocrx_word' id='word_1_165' title='bbox 728 3159 757 3208; x_wconf 92' lang='lat' dir='ltr'><strong>C.</strong></span> <span class='ocrx_word' id='word_1_166' title='bbox 813 3158 847 3220; x_wconf 81' lang='lat' dir='ltr'><strong>(o)</strong></span> <span class='ocrx_word' id='word_1_167' title='bbox 872 3160 921 3207; x_wconf 84' lang='lat' dir='ltr'><strong>sint</strong></span> <span class='ocrx_word' id='word_1_168' title='bbox 949 3159 998 3207; x_wconf 86' lang='lat' dir='ltr'><strong>sint</strong></span> <span class='ocrx_word' id='word_1_169' title='bbox 1025 3173 1087 3207; x_wconf 86' lang='lat' dir='ltr'><strong>sane</strong></span> <span class='ocrx_word' id='word_1_170' title='bbox 1113 3158 1142 3207; x_wconf 92' lang='lat' dir='ltr'><strong>C.</strong></span> <span class='ocrx_word' id='word_1_171' title='bbox 1187 3157 1237 3222; x_wconf 90' lang='grc' dir='ltr'>(ιο)</span> <span class='ocrx_word' id='word_1_172' title='bbox 1265 3159 1300 3208; x_wconf 87' lang='lat' dir='ltr'><strong>de</strong></span> 
     </span>
     <span class='ocr_line' id='line_1_24' title="bbox 446 3237 1300 3302; baseline 0.002 -17"><span class='ocrx_word' id='word_1_173' title='bbox 446 3244 472 3286; x_wconf 84' lang='lat' dir='ltr'><strong>te</strong></span> <span class='ocrx_word' id='word_1_174' title='bbox 490 3237 519 3295; x_wconf 90' lang='lat' dir='ltr'><strong>C,</strong></span> <span class='ocrx_word' id='word_1_175' title='bbox 546 3251 615 3285; x_wconf 76' lang='lat' dir='ltr'><strong>onam.</strong></span> <span class='ocrx_word' id='word_1_176' title='bbox 643 3239 706 3299; x_wconf 81' lang='lat' dir='ltr'><strong>GM.</strong></span> <span class='ocrx_word' id='word_1_177' title='bbox 750 3253 852 3300; x_wconf 87' lang='lat' dir='ltr'><strong>possem</strong></span> <span class='ocrx_word' id='word_1_178' title='bbox 880 3239 943 3297; x_wconf 87' lang='lat' dir='ltr'><strong>GM,</strong></span> <span class='ocrx_word' id='word_1_179' title='bbox 977 3253 1082 3300; x_wconf 85' lang='lat' dir='ltr'><strong>possum</strong></span> <span class='ocrx_word' id='word_1_180' title='bbox 1105 3240 1131 3286; x_wconf 87' lang='lat' dir='ltr'><strong>V.</strong></span> <span class='ocrx_word' id='word_1_181' title='bbox 1172 3238 1222 3302; x_wconf 86' lang='lat'>(11)</span> <span class='ocrx_word' id='word_1_182' title='bbox 1248 3247 1300 3287; x_wconf 87' lang='lat' dir='ltr'><strong>tan-</strong></span> 
     </span>
     <span class='ocr_line' id='line_1_25' title="bbox 446 3316 1298 3381; baseline 0.002 -16"><span class='ocrx_word' id='word_1_183' title='bbox 446 3324 552 3378; x_wconf 88' lang='lat' dir='ltr'><strong>tumque</strong></span> <span class='ocrx_word' id='word_1_184' title='bbox 570 3318 633 3366; x_wconf 85' lang='lat' dir='ltr'><strong>GM.</strong></span> <span class='ocrx_word' id='word_1_185' title='bbox 668 3316 718 3381; x_wconf 80' lang='grc' dir='ltr'>(ιι)</span> <span class='ocrx_word' id='word_1_186' title='bbox 742 3319 765 3366; x_wconf 90' lang='lat' dir='ltr'><strong>in</strong></span> <span class='ocrx_word' id='word_1_187' title='bbox 789 3320 849 3379; x_wconf 87' lang='lat' dir='ltr'><strong>tuis]</strong></span> <span class='ocrx_word' id='word_1_188' title='bbox 872 3320 937 3367; x_wconf 88' lang='lat' dir='ltr'><strong>intus</strong></span> <span class='ocrx_word' id='word_1_189' title='bbox 955 3320 985 3369; x_wconf 79' lang='lat' dir='ltr'>G</span> <span class='ocrx_word' id='word_1_190' title='bbox 1020 3319 1220 3380; x_wconf 82' lang='lat' dir='ltr'><strong>prosequendus</strong></span> <span class='ocrx_word' id='word_1_191' title='bbox 1239 3321 1298 3375; x_wconf 85' lang='lat' dir='ltr'><strong>GV,</strong></span> 
     </span>
     <span class='ocr_line' id='line_1_26' title="bbox 446 3396 1298 3462; baseline 0.001 -16"><span class='ocrx_word' id='word_1_192' title='bbox 446 3396 645 3460; x_wconf 82' lang='lat' dir='ltr'><strong>persequendus</strong></span> <span class='ocrx_word' id='word_1_193' title='bbox 661 3398 722 3447; x_wconf 86' lang='lat' dir='ltr'><strong>CM.</strong></span> <span class='ocrx_word' id='word_1_194' title='bbox 767 3397 817 3462; x_wconf 67' lang='grc' dir='ltr'>(ις)</span> <span class='ocrx_word' id='word_1_195' title='bbox 842 3407 869 3447; x_wconf 84' lang='lat' dir='ltr'><strong>et</strong></span> <span class='ocrx_word' id='word_1_196' title='bbox 883 3413 928 3447; x_wconf 88' lang='lat' dir='ltr'><strong>om.</strong></span> <span class='ocrx_word' id='word_1_197' title='bbox 953 3400 979 3446; x_wconf 87' lang='lat' dir='ltr'><strong>V.</strong></span> <span class='ocrx_word' id='word_1_198' title='bbox 1021 3399 1070 3461; x_wconf 63' lang='grc' dir='ltr'>(ιι)</span> <span class='ocrx_word' id='word_1_199' title='bbox 1088 3408 1113 3446; x_wconf 88' lang='lat' dir='ltr'><strong>et</strong></span> <span class='ocrx_word' id='word_1_200' title='bbox 1130 3399 1204 3447; x_wconf 85' lang='lat' dir='ltr'><strong>animi</strong></span> <span class='ocrx_word' id='word_1_201' title='bbox 1226 3413 1298 3447; x_wconf 86' lang='lat' dir='ltr'><strong>omm.</strong></span> 
     </span>
     <span class='ocr_line' id='line_1_27' title="bbox 447 3477 1297 3540; baseline -0.001 -14"><span class='ocrx_word' id='word_1_202' title='bbox 447 3478 504 3526; x_wconf 85' lang='lat' dir='ltr'><strong>GV.</strong></span> <span class='ocrx_word' id='word_1_203' title='bbox 526 3477 721 3540; x_wconf 80' lang='lat' dir='ltr'><strong>(15)mulierem</strong></span> <span class='ocrx_word' id='word_1_204' title='bbox 740 3479 766 3525; x_wconf 85' lang='lat' dir='ltr'><strong>V.</strong></span> <span class='ocrx_word' id='word_1_205' title='bbox 801 3491 847 3539; x_wconf 82' lang='lat' dir='ltr'><strong>par</strong></span> <span class='ocrx_word' id='word_1_206' title='bbox 865 3487 890 3526; x_wconf 88' lang='lat' dir='ltr'><strong>te</strong></span> <span class='ocrx_word' id='word_1_207' title='bbox 909 3478 937 3528; x_wconf 90' lang='lat' dir='ltr'><strong>C.</strong></span> <span class='ocrx_word' id='word_1_208' title='bbox 972 3477 1022 3540; x_wconf 84' lang='grc' dir='ltr'>(ιό)</span> <span class='ocrx_word' id='word_1_209' title='bbox 1041 3487 1066 3526; x_wconf 91' lang='lat' dir='ltr'><strong>ut</strong></span> <span class='ocrx_word' id='word_1_210' title='bbox 1078 3480 1114 3526; x_wconf 87' lang='grc' dir='ltr'><strong>Μ.</strong></span> <span class='ocrx_word' id='word_1_211' title='bbox 1134 3479 1246 3526; x_wconf 85' lang='lat' dir='ltr'><strong>etetiam</strong></span> <span class='ocrx_word' id='word_1_212' title='bbox 1266 3479 1297 3528; x_wconf 89' lang='lat' dir='ltr'><strong>C.</strong></span> 
     </span>
     <span class='ocr_line' id='line_1_28' title="bbox 445 3555 714 3620; baseline -0.007 -15"><span class='ocrx_word' id='word_1_213' title='bbox 445 3555 495 3620; x_wconf 76' lang='grc' dir='ltr'>(ιθ)</span> <span class='ocrx_word' id='word_1_214' title='bbox 513 3558 587 3606; x_wconf 82' lang='lat' dir='ltr'><strong>locus</strong></span> <span class='ocrx_word' id='word_1_215' title='bbox 604 3569 664 3606; x_wconf 82' lang='lat' dir='ltr'><strong>esse</strong></span> <span class='ocrx_word' id='word_1_216' title='bbox 681 3558 714 3605; x_wconf 89' lang='lat' dir='ltr'><strong>G.</strong></span> 
     </span>
    </p>
   </div>
   <div class='ocr_carea' id='block_1_5' title="bbox 0 0 1430 4694">
    <p class='ocr_par' dir='ltr' id='par_1_5' title="bbox 0 0 1430 4694">
     <span class='ocr_line' id='line_1_29' title="bbox 0 0 1430 4694; baseline 0 1"><span class='ocrx_word' id='word_1_217' title='bbox 0 0 1430 4694; x_wconf 95' lang='lat' dir='ltr'><strong> </strong></span> 
     </span>
    </p>
   </div>
  </div>
 </body>
</html>
