2850 4694
794 552 938 604 ommi

442 708 525 770 stein,
545 715 573 758 ut
588 710 656 759 soiet
672 709 695 757 in
712 708 763 758 boc
778 707 879 767 codice,
898 706 1014 758 indicent.
1024 734 1055 746 -
1067 708 1199 757 Pmteres
1216 709 1239 757 in
1257 710 1294 757 his

444 788 566 838 Ludovici
576 789 713 839 Fuscsreni
731 789 822 838 titteris
840 790 916 838 tsotss
935 800 1028 837 nomen
1045 789 1165 838 occurrit.
1185 790 1211 837 in
1224 794 1294 839 estse

443 868 590 931 littersrum,
608 881 673 931 ques
696 868 729 918 sd
749 869 898 918 Dsmisnum
917 868 1028 931 Burgum
1045 869 1146 930 scripsit
1173 868 1220 931 (nr.
1242 870 1294 929 ιη)

444 950 500 999 bec
524 950 658 1015 teguntur:
677 949 828 998 «Postremo
843 961 901 998 cum
918 948 963 997 hes
979 948 1119 997 scriberem
1136 948 1294 998 facetissime

442 1037 494 1078 tuse
509 1027 542 1079 sd
559 1042 600 1078 me
616 1029 710 1079 delete
726 1038 784 1079 sunt
800 1029 900 1088 littera,
918 1041 983 1090 ques
999 1027 1085 1078 ridens
1101 1030 1160 1091 tegi,
1179 1039 1205 1079 et
1222 1031 1296 1079 lectis

442 1109 495 1159 risu
519 1108 647 1159 desistere
671 1122 721 1158 non
737 1111 812 1158 usleo
828 1116 854 1158 et
870 1116 1006 1169 sntequsm
1023 1107 1208 1170 responderim,
1227 1117 1295 1159 tuem

442 1197 547 1240 secutus
568 1189 754 1248 suctoritstem,
780 1201 840 1251 ques
862 1188 1097 1237 iurisconsultorum
1114 1190 1240 1238 sententis
1255 1191 1295 1238 tir-

443 1276 532 1329 mstur,
551 1269 655 1318 Ysotsm
671 1269 848 1331 peritissimum
864 1267 1047 1321 consulendsm
1063 1269 1131 1329 duxi,
1150 1278 1177 1319 et
1194 1271 1232 1319 itis
1243 1271 1295 1319 eiii·

443 1357 500 1411 μυ
522 1355 623 1397 tuorum
646 1349 799 1411 scriptorum
818 1348 972 1410 exemplaris
989 1348 1068 1408 mitto,
1088 1358 1115 1398 ut
1131 1352 1171 1398 vei
1189 1363 1237 1399 suo
1253 1353 1294 1399 vei

443 1441 503 1478 meo
528 1429 568 1477 vei
591 1428 726 1490 utriusque
742 1436 856 1478 nostrum
879 1429 980 1477 nomine
1006 1430 1141 1492 questioni
1158 1437 1209 1478 tuse
1225 1431 1296 1479 setis·

442 1508 808 1559 &annuntiatricum
826 1509 964 1559 tittersrum
981 1511 1029 1571 (nr.
1043 1511 1082 1572 7²)
1099 1512 1170 1560 csice
1187 1523 1251 1572 ques
1262 1511 1294 1559 sd

442 1587 553 1639 eundem
571 1589 720 1638 Dsmisnum
736 1589 838 1651 scripsit
855 1591 911 1640 bec
926 1592 1063 1654 teguntur:
1082 1592 1199 1641 «Ysotsm
1212 1591 1294 1652 prisce

441 1669 589 1728 severitste,
598 1667 714 1718 docttins
725 1676 751 1718 et
761 1669 925 1719 sanctimonie
933 1672 1103 1721 venerendam
1112 1670 1232 1732 virginem
1242 1672 1295 1718 lon-

442 1749 543 1812 gissime
565 1748 642 1799 nostri
667 1749 797 1799 oblivione
813 1757 912 1811 csptsm
928 1749 1033 1813 qusndo
1050 1751 1127 1800 ictem
1143 1750 1295 1812 frequentis-

441 1830 530 1878 simum
552 1843 606 1878 suae
628 1830 719 1880 mentis
741 1830 866 1889 morbum,
885 1838 913 1880 ut
929 1840 955 1882 tu
972 1832 1031 1880 mibi
1048 1845 1097 1880 nec
1113 1830 1229 1880 credenti
1247 1845 1295 1880 nec

441 1911 592 1959 suscultsnti
609 1909 753 1973 predicere
769 1923 950 1970 consueveras,
960 1911 1027 1960 inter
1041 1911 1178 1969 oretiones,
1192 1910 1292 1967 ieiunia,

441 1990 571 2050 sscridcis,
589 1989 817 2054 qusdregesimsiis
831 1988 967 2041 decoxisse
983 1991 1120 2040 srbitrstus
1131 1989 1216 2049 fueris,
1231 1991 1294 2037 meis

442 2070 528 2120 uerbis
544 2072 643 2120 ssisere
661 2071 759 2120 iubens.
772 2071 860 2120 vste·
874 2071 992 2132 utreque
1003 2070 1113 2133 epistole
1123 2078 1183 2132 post
1194 2083 1217 2119 e
1234 2081 1291 2133 1⁴5¹

442 2150 537 2213 scripte
561 2164 621 2200 esse
644 2150 754 2201 videtur.
774 2150 895 2213 Denique
918 2163 951 2201 ex
973 2150 1072 2209 litteris,
1090 2162 1155 2212 ques
1172 2150 1292 2207 Veronae,

442 2238 469 2281 ut
494 2229 606 2290 videtur,
633 2228 692 2280 iore
719 2242 744 2281 s.
770 2240 829 2293 ¹⁴51
852 2228 885 2280 sd
909 2230 1090 2280 Psnteieonem
1115 2229 1292 2292 Qusgtisnum,

442 2310 569 2362 medicum
586 2312 713 2361 venetum
728 2310 830 2374 scripsit
854 2308 901 2372 (nr.
929 2309 983 2374 1⁴9)
1006 2312 1063 2361 bec
1086 2311 1185 2360 referre
1211 2311 1294 2359 iuvet:

444 2406 456 2436 ι
481 2426 487 2440 .
513 2426 519 2440 .
546 2426 553 2439 .
578 2389 630 2440 Sed
652 2391 771 2454 quonism
795 2403 846 2440 non
870 2389 1023 2453 respondes,
1049 2403 1100 2440 non
1116 2390 1204 2440 sudeo
1221 2391 1294 2439 istius

442 2471 553 2534 essgsri,
580 2484 669 2520 verum
693 2470 825 2528 obtestsri,
850 2482 935 2530 orsre,
960 2477 987 2518 ut
1012 2470 1092 2519 nostri
1113 2469 1251 2532 aliquando
1268 2479 1294 2518 te

442 2563 582 2600 memorem
606 2549 732 2611 docteres,
756 2550 961 2615 expectetionem
987 2562 1068 2599 metm
1093 2551 1233 2612 compleas,
1251 2551 1295 2611 qui

444 2631 494 2680 hoe
516 2631 601 2680 enimo
625 2644 689 2690 sum,
716 2637 744 2679 ut
768 2629 826 2678 nibil
850 2629 928 2692 megis
943 2629 1045 2691 cupiem
1062 2642 1138 2692 quum
1155 2631 1178 2677 in
1195 2644 1292 2686 umore,

442 2709 529 2760 uerbis
555 2717 582 2759 et
608 2710 732 2760 suevitste
758 2716 803 2758 tus
828 2708 1026 2771 conquiescere.
1054 2708 1194 2758 Absentem
1222 2708 1296 2772 igitur

442 2797 599 2854 compstrem
622 2797 693 2839 tuum
710 2788 864 2840 csrissimum
880 2789 969 2838 ssitem
985 2788 1138 2851 scriptorum
1155 2789 1296 2839 necessitu-

443 2868 504 2918 dine
520 2878 675 2932 presentem
692 2869 787 2920 sentiss
803 2876 831 2918 et
845 2867 879 2917 sb
896 2880 930 2918 eo
946 2868 1033 2918 sentiri
1049 2881 1135 2928 cures,
1153 2870 1174 2918 si
1192 2869 1294 2918 Ysotsm

444 2948 599 3013 Negenolsm
631 2949 695 3013 [sich
729 2949 862 3000 mulierem
892 2949 1063 3011 cinrissimsrn,
1091 2962 1151 3012 quae
1167 2949 1296 2998 liberrime

444 3030 564 3092 loquitur,
590 3031 762 3093 prophetasse
786 3030 885 3082 tirmsre
910 3045 960 3081 non
977 3031 1022 3080 vis.
1043 3030 1112 3080 Dixit
1127 3030 1193 3079 enim
1210 3029 1296 3091 Ciugi·

444 3122 533 3161 ensem
555 3123 647 3172 squsm
672 3110 696 3160 in
721 3111 830 3160 Lethem
855 3123 1013 3170 convertent,
1039 3123 1091 3172 qus
1113 3109 1295 3172 cumprimum

443 3198 547 3251 potstus
571 3203 609 3249 es,
627 3190 738 3239 omnium
753 3198 780 3239 te
796 3190 893 3240 oblivio
909 3191 996 3253 cepit;
1021 3190 1108 3252 itaque
1124 3197 1150 3239 et
1167 3190 1295 3238 Veronam

445 3269 528 3320 nescis
552 3278 578 3319 et
603 3283 650 3319 eos
673 3271 718 3332 qui
734 3271 847 3321 verone
863 3278 1051 3322 commorentur
1066 3270 1175 3334 ignores.
1194 3268 1296 3330 Quibus

444 3356 471 3398 et
495 3349 612 3412 pluribus
635 3349 801 3400 iscetioribus
819 3351 906 3401 verbis
922 3365 1003 3401 mesm
1018 3350 1103 3410 fldem,
1122 3350 1166 3412 qui
1183 3357 1210 3398 te
1227 3350 1296 3411 cogi·

444 3429 540 3478 tstione
556 3443 669 3491 semper,
687 3444 735 3480 ore
751 3431 892 3494 sepissime
908 3432 1077 3492 complector,
1095 3428 1202 3479 deludit.
1224 3429 1296 3491 Ques

444 3507 480 3557 ob
496 3522 538 3557 res
554 3508 588 3558 ds
606 3522 721 3570 opersm,
739 3510 811 3571 quod
827 3509 860 3558 sd
877 3523 918 3560 me
934 3517 977 3558 tus
992 3509 1119 3558 voiumins
1138 3507 1294 3570 deferentur,
