2850 4694
343 720 411 792 lam
441 717 578 791 Antonii
609 718 760 792 Cassarii
790 718 918 792 litteras
941 744 1009 792 non
1028 720 1196 793 ambabus

342 832 529 924 sororibus,
546 833 610 908 sed
629 858 721 906 novo
739 859 835 907 more
852 834 915 907 soli
934 836 1035 909 lsotae
1054 834 1196 933 inscrip

343 966 394 1023 tas
410 973 489 1023 esse
501 947 664 1037 vidimus3
683 951 858 1023 Zenevera
866 949 968 1040 enim,
983 975 1063 1048 quae
1080 949 1196 1025 medio

345 1062 517 1139 lereanno
533 1066 623 1159 1438
633 1065 802 1138 Brunorio
813 1066 1000 1140 Gambarae
1010 1065 1197 1140 nobiliviro

345 1178 545 1253 Brixiano⁴⁸
564 1197 734 1277 nupserat,
750 1197 890 1255 matrem
906 1198 942 1255 et
954 1206 1107 1256 sororem
1128 1207 1196 1255 non

345 1311 398 1368 est
415 1295 581 1369 Venetias
598 1295 773 1385 comitata,
792 1296 856 1370 sed
874 1296 1028 1370 maritum
1049 1296 1195 1371 Brixiam

345 1428 466 1485 secuta
481 1428 536 1485 est
553 1436 668 1508 neque
685 1412 829 1509 amplius
846 1412 992 1485 virorum
1012 1410 1195 1487 doctorum

344 1527 455 1601 coetui
472 1552 511 1601 se
525 1526 714 1600 immiscuit.
729 1527 869 1616 Marit0,
884 1527 1009 1618 liberis,
1018 1539 1049 1585 ⁴⁹
1066 1552 1197 1626 paupe-

346 1641 437 1716 ribus
462 1658 498 1716 et
523 1642 642 1739 egenis
667 1669 706 1717 se
723 1659 829 1717 totam
848 1643 988 1717 devovit
1005 1642 1198 1741 (Philippus

348 1757 591 1855 Bergomensis
601 1760 722 1856 longus
732 1776 784 1832 est
798 1758 830 1831 in
840 1758 1047 1834 extollendis
1059 1759 1198 1833 summis

347 1872 421 1947 eius
462 1873 649 1970 virtutibus)
686 1900 836 1972 moxque
870 1873 1002 1972 gaudiis
1036 1874 1198 1972 curisque

348 1989 498 2087 coniugii
517 1991 562 2062 ab
575 2015 621 2063 eo
642 1989 815 2064 scribendi
832 2015 962 2087 genere
975 2007 1121 2064 avocata
1133 2006 1197 2083 est,

347 2105 442 2203 quod
468 2105 587 2203 paucis
612 2123 693 2180 ante
719 2107 814 2180 annis
837 2123 904 2180 tam
924 2106 1015 2180 felici
1033 2131 1197 2182 successu

347 2224 511 2295 coluerat
534 2224 663 2320 Neque
678 2225 746 2296 lroc
761 2223 890 2296 mirum.
907 2225 998 2296 Cum
1012 2223 1104 2296 enim
1124 2226 1199 2297 Da-

348 2336 477 2411 mianus
496 2340 628 2435 Burgus
653 2357 802 2413 exeunte
821 2363 939 2413 mense
959 2340 1149 2413 Novembri
1167 2365 1196 2413 a„

354 2477 443 2548 ¹440
460 2451 505 2526 ad
518 2477 594 2527 eam
608 2452 782 2527 visendam
793 2479 870 2527 cum
882 2453 1084 2529 Camerario
1097 2457 1199 2528 lsotae

346 2568 480 2642 sororio
498 2568 530 2641 in
544 2569 797 2643 Pratalboinum
811 2569 1079 2643 amoenissimum
1090 2573 1199 2644 Gam-

347 2684 502 2758 bararum
537 2686 714 2758 castellum
749 2684 841 2782 apud
876 2687 985 2759 lacum
1021 2688 1198 2760 Benacum

347 2799 447 2874 situm
466 2797 681 2890 devertisset,
695 2800 751 2873 vix
769 2800 933 2897 cognovit
950 2825 1038 2892 eam,
1049 2800 1096 2874 ita
1108 2799 1198 2874 enim

348 2915 524 3014 pristinum
571 2917 698 2988 vultum
742 2917 1006 3014 pulcherrimum
1049 2934 1200 2991 mutave·

348 3046 409 3105 rat
432 3032 537 3104 «Heu
549 3072 594 3084 ·-
610 3031 945 3128 inquit-quantum
956 3048 1010 3106 est
1019 3050 1147 3107 mutata
1155 3033 1200 3105 ab

348 3145 404 3219 illa
413 3147 581 3235 Zenebra,
593 3145 702 3220 nitore
716 3147 813 3220 cuius
827 3148 1039 3221 hebetebant
1052 3147 1201 3225 lucentia

349 3260 463 3336 sidem
476 3261 571 3336 caeli!
589 3264 671 3335 Non
681 3263 910 3360 suntamplius
920 3262 1087 3337 micantes
1095 3263 1199 3353 oculi,

349 3402 418 3451 non
436 3394 490 3451 est
507 3378 599 3451 frons
617 3377 685 3452 laeti
700 3377 816 3451 cordis
831 3376 945 3465 index,
960 3403 1029 3451 non
1043 3378 1119 3452 flavi
1133 3403 1200 3452 nec

349 3492 452 3592 crispi
470 3495 594 3569 florent
610 3494 739 3568 circum
758 3511 916 3594 tempora
928 3494 1051 3587 crines,
1065 3521 1134 3569 non
1147 3511 1200 3569 est
