2850 4694
583 597 655 639 txxt

190 747 1043 847 rigereAuxitautemsortasseconsolationisvitn‚

190 864 286 962 quod
304 865 378 963 ipsa
394 890 463 938 non
482 864 591 939 minus
608 863 849 938 consolatione
879 889 918 938 se
939 888 1045 960 egere

188 982 306 1072 sensit,
321 1006 399 1056 cum
415 984 519 1080 paulo
540 998 621 1055 ante
639 998 747 1055 mater
766 980 917 1079 piissima
934 996 1044 1055 morte

188 1097 251 1171 sibi
269 1114 391 1195 erepta
408 1095 548 1188 esset‚⁸³
583 1122 717 1195 exque
739 1095 975 1171 incredibilem
1000 1120 1044 1170 ec

189 1212 352 1288 maiorem
379 1212 544 1311 opinione
570 1212 728 1287 dolorem
755 1237 793 1286 se
815 1212 929 1287 animo
946 1212 1044 1310 peni-

189 1347 241 1403 tus
258 1328 455 1425 suscepisse
473 1344 625 1402 testatur.
650 1330 738 1429 Quo
755 1353 901 1403 maerore
920 1344 956 1401 ut
972 1327 1044 1402 ani-

188 1471 279 1520 mum
306 1446 477 1543 paululum
508 1446 637 1518 levaret
666 1444 831 1519 Venetias
862 1467 929 1518 una
962 1468 1040 1518 curn

189 1560 363 1635 Damiano
383 1563 500 1658 Burgo
516 1559 580 1633 sibi
598 1559 806 1634 amicissimo
822 1584 861 1634 se
887 1558 1042 1651 contulit,

188 1702 268 1750 mox
285 1694 399 1750 autern
418 1676 451 1749 in
468 1675 612 1774 patriam
630 1699 766 1748 reversa
787 1674 893 1749 sacris
910 1675 1042 1772 cogita-
1077 1765 1079 1770 .

186 1791 337 1866 tionibus
354 1808 391 1867 et
404 1792 541 1866 fratrum
554 1815 673 1865 amore
686 1791 960 1865 consolationem
976 1792 1041 1868 sibi

186 1907 352 2005 quaesivit.
374 1906 587 1982 ludovicum
606 1905 795 2005 praesertim
809 1907 945 1981 fratrem
960 1926 1039 1984 natu

188 2023 360 2097 minimum
390 2048 524 2098 summo
549 2047 668 2097 amore
694 2024 879 2122 complexa
903 2040 957 2098 est
993 2024 1042 2098 vi·

186 2139 307 2238 ditque
325 2138 428 2230 diem,
447 2165 519 2238 quo
536 2138 575 2230 is,
593 2139 649 2213 cui
668 2139 778 2213 fausta
798 2164 949 2237 quaeque
963 2165 1041 2239 pre-

186 2271 265 2330 cata
280 2271 345 2347 est,
363 2257 523 2354 puellam,
542 2279 644 2354 quam
659 2254 733 2354 ipsa
749 2255 781 2328 ei
795 2254 984 2354 delegerat,
1007 2256 1040 2330 in

187 2371 435 2446 matrimonium
445 2369 835 2472 duxitQuodgaudium
846 2370 997 2446 ultimum
1007 2372 1040 2446 ei

184 2486 355 2562 accidisse
372 2486 515 2561 videtur.
531 2487 661 2561 Tenuis
678 2486 769 2560 eninr
783 2485 893 2561 victus
908 2487 1041 2562 assidu·

186 2627 313 2701 umque
330 2602 515 2677 litterarum
524 2602 672 2677 studium
691 2602 798 2699 fragili
812 2601 951 2702 corpori
969 2628 1038 2678 non

185 2717 297 2817 potuit
330 2743 399 2792 non
434 2742 574 2793 nocere.
603 2721 723 2818 ltaque
749 2718 781 2791 in
808 2717 928 2794 litteris
952 2744 1039 2816 ques

185 2833 382 2908 Ludovicus
399 2835 615 2910 Fuscarenus
632 2834 690 2908 die
703 2837 787 2908 XX.
799 2835 925 2910 mensis
942 2837 1039 2910 Mar·

184 2949 219 3022 tii
237 2972 267 3023 a.
293 2950 383 3046 1466
408 2950 453 3024 ad
483 2953 607 3025 lsotanr
633 2949 778 3047 scripsit,
805 2949 851 3024 de
868 2949 942 3024 eius
966 2968 1038 3026 sto·

184 3064 296 3138 rnachi
330 3064 453 3139 dolore
485 3065 621 3162 aliaque
654 3064 812 3163 corporis
845 3065 1037 3141 infirmitate

183 3180 312 3254 rnentio
342 3180 493 3269 infertur,
520 3205 606 3278 quus
639 3180 797 3279 corporis
826 3180 1036 3257 infirmitates

183 3295 327 3370 sortasse
358 3297 462 3370 lebris
496 3297 552 3372 illa
580 3314 700 3371 secuta
725 3312 788 3387 est,
814 3296 871 3370 cui
896 3297 1034 3371 tandem

181 3434 211 3484 e
246 3411 336 3507 1466
360 3436 470 3487 annos
494 3411 719 3511 quadraginta
742 3427 828 3486 octo
852 3429 933 3487 nata
956 3437 1035 3488 suc·

183 3526 310 3601 cubuit
