2850 4694
656 907 731 980 XL.
805 930 811 943 ’

419 1205 549 1268 (Verona,
568 1205 612 1254 die
626 1207 655 1255 V.
675 1208 768 1256 mensis
786 1209 837 1257 Mai
849 1222 871 1257 ι.
888 1209 968 1271 1439.)

268 1464 455 1538 Damianos
472 1470 595 1565 Burgus
611 1467 799 1539 Veronensis
811 1466 993 1540 doctissime
1004 1476 1037 1540 et
1043 1468 1120 1566 pul-

267 1581 417 1654 clrcrn'me
433 1581 545 1680 uirgini
558 1583 644 1655 Isole
657 1582 823 1679 Nogorole
835 1582 926 1681 sepi.
939 1583 1117 1657 comendol.

266 1889 455 2250 &a
470 1936 521 1984 no
539 1910 758 1985 scribendum
777 1911 906 1986 tardior
922 1937 995 1986 surn
1015 1938 1117 2010 quam
1151 1955 1160 2004 ς

470 2045 528 2100 tue
542 2026 662 2100 dulces
676 2044 815 2124 postant
831 2028 942 2101 littere
952 2046 996 2117 ,et
1013 2029 1118 2102 allec·

469 2161 523 2215 tus
552 2167 635 2240 erga
665 2168 720 2215 me
751 2159 838 2231 tuus,
874 2168 941 2215 non
976 2143 1116 2241 quidem

267 2260 473 2359 negligentie
501 2282 615 2355 neque
633 2259 748 2333 studio
765 2259 938 2333 scribendi
958 2259 1115 2357 deputes,

265 2373 327 2447 sed
351 2391 543 2472 temporum
562 2375 820 2470 perturbationi,
839 2399 907 2471 que
927 2401 981 2448 me
1000 2377 1116 2449 laban·

264 2505 332 2561 tem
351 2489 429 2586 agit.
461 2492 704 2562 Verumtamen
732 2491 822 2564 nulla
839 2492 1004 2586 procella,
1024 2492 1116 2563 nullo
1133 2528 1161 2565 ιο

265 2605 380 2695 fluctu,
390 2608 480 2678 nulla
490 2604 634 2678 adversa
647 2622 854 2702 tempestate
865 2606 910 2702 ita
924 2622 1114 2703 quassatus,

265 2719 310 2793 ita
334 2744 536 2803 concussus,
564 2721 609 2792 ita
630 2721 793 2795 attonitus
811 2746 889 2795 esse
908 2746 1059 2819 possum,
1080 2739 1114 2794 ut

264 2835 461 2910 memoriam
493 2860 649 2909 verorum
684 2836 871 2910 amicorum
899 2861 1052 2910 meorum
1079 2854 1114 2912 et

264 2950 310 3022 tui
338 2950 496 3039 maxime,
524 2950 556 3022 in
583 2975 685 3048 quam
703 2976 807 3024 omne
826 2977 937 3025 meum
956 2952 1113 3025 solatium

263 3083 298 3138 et
311 3065 499 3140 studiorum
517 3066 800 3140 exercitationem
820 3069 917 3165 posui
936 3087 971 3141 et
989 3068 1112 3157 locavi,
1130 3105 1154 3155 ις

264 3199 457 3271 nutantem,
484 3182 636 3279 fragilem
672 3202 707 3255 et
732 3184 928 3256 consussam
954 3185 1110 3257 habeam.

264 3298 331 3369 lam
375 3297 464 3370 enim
508 3314 635 3370 tantum
679 3298 887 3371 comunione
922 3298 1110 3372 studiorum

310 3552 344 3613 (6)
361 3550 409 3614 lege
425 3561 540 3612 poscant.
