2850 4694
677 921 783 996 xtlt.

405 1232 534 1287 (Verona,
552 1230 595 1280 die
612 1231 645 1278 X.
665 1231 757 1280 mensis
773 1231 933 1293 Septembris
948 1245 971 1278 ι.
988 1230 1067 1291 1439.)

312 1507 499 1581 Damianus
515 1511 639 1604 Burgus
660 1507 847 1580 Veronensis
855 1507 1036 1581 doctissim
1051 1517 1084 1581 ei
1095 1509 1164 1581 clo·

311 1621 433 1696 rr'rsima
449 1621 558 1720 virgini
572 1625 659 1696 isote
675 1622 841 1719 Nogoroie
856 1648 893 1695 sa
913 1622 961 1720 pi.
980 1621 1162 1696 comenda

286 1915 513 2263 afflui
541 1958 579 2005 io
605 1958 677 2029 quo
695 1950 730 2007 te
757 1933 948 2032 gavisuram
966 1934 1163 2030 sperabam,

515 2048 611 2145 quod
637 2074 658 2123 a
683 2065 794 2123 morte
820 2047 1019 2145 redemptus
1036 2073 1162 2136 essem,

514 2162 558 2237 ad
581 2180 616 2236 te
634 2163 782 2238 libenter
798 2163 930 2260 scripsi,
950 2164 1057 2262 magis
1076 2181 1112 2237 ut
1130 2164 1162 2237 in

313 2280 414 2354 risum
439 2294 475 2352 et
501 2279 662 2352 florentes
688 2303 808 2353 comas
833 2279 973 2369 eierem,
1000 2304 1103 2377 quam
1128 2298 1163 2353 ut

180 2484 183 2488 Α
313 2394 459 2469 lacrimis
468 2398 594 2468 vultum
605 2412 697 2469 tuum
706 2419 884 2492 genasque
898 2395 1052 2492 rigarem.
1070 2397 1161 2469 Nam

271 2531 300 2568 ¹0
313 2510 394 2584 licet
402 2510 576 2585 excuseris
585 2536 648 2608 pre
660 2509 789 2610 gaudio
802 2511 911 2600 fletus,
926 2509 1021 2608 quod
1034 2535 1055 2584 a
1069 2510 1162 2584 dulci

312 2643 348 2699 et
361 2627 451 2700 bene
464 2649 581 2700 amore
594 2625 731 2700 consito
743 2624 858 2699 animo
876 2624 1049 2722 proticisci
1067 2625 1164 2700 vide·

313 2760 376 2831 tur,
403 2759 515 2815 tamen
543 2767 611 2816 non
637 2740 746 2815 credo
771 2741 844 2816 sine
870 2740 992 2815 dolore
1014 2742 1163 2840 langoris

313 2857 416 2931 nostri
440 2874 497 2930 tua
513 2882 575 2931 ora
587 2857 741 2956 potuisse
751 2856 900 2931 madere.
917 2858 980 2931 Me
991 2856 1162 2948 miserum,

314 2988 476 3070 quantum
502 2997 638 3070 sperem
665 2972 845 3062 doluisses,
871 2972 899 3047 si
934 2998 989 3047 me
1019 2972 1164 3048 vidisses

272 3110 297 3160 ¹5
313 3087 413 3161 vitam
428 3112 505 3161 cum
520 3088 685 3187 sanguine
697 3089 943 3163 exhaliantemi
966 3089 1163 3163 Declarasti

312 3203 393 3278 satis
415 3202 480 3277 iam
499 3203 627 3278 dudum
645 3221 682 3279 et
699 3204 732 3277 in
749 3204 996 3303 presentiarum
1015 3204 1164 3278 maxime

312 3343 464 3392 amorem
481 3335 572 3393 tuum
587 3319 666 3393 mihi
680 3337 913 3418 perspectum,
931 3344 952 3393 a
969 3345 1040 3416 quo
1058 3319 1163 3393 dividi

312 3453 348 3506 et
369 3452 479 3508 morte
501 3434 644 3533 disiungi
667 3460 877 3534 magnopere
897 3436 1049 3533 angebar
1061 3436 1165 3509 mori-

312 3574 381 3647 que
389 3549 764 3652 pigebatQuamquam
772 3552 870 3626 aliter
876 3551 1042 3653 gravitate
1052 3552 1164 3627 morbi
