2850 4694
675 594 725 662 ιις

270 768 357 825 state
368 768 556 850 praesentes
565 768 776 848 venturaque
791 755 972 849 posteritas
990 753 1123 827 cunctis

270 868 395 942 viribus
428 867 606 941 Zinebram
648 870 843 964 lsotamque
874 871 966 942 clara
1002 872 1123 967 Noga-

271 985 344 1058 rola
360 983 465 1079 stirpe
487 981 685 1080 progenitas
712 982 854 1058 seminas
880 983 1123 1058 eruditissimas

271 1099 302 1171 in
321 1101 444 1173 caelurn
463 1115 498 1171 et
515 1114 605 1172 astra
632 1099 799 1172 tollemus.
829 1101 909 1173 Nec
928 1101 1036 1174 minus
1053 1103 1123 1173 Ve-

270 1240 364 1302 rona,
384 1215 489 1288 ltaliae
508 1215 588 1287 urbs
601 1214 752 1312 egregia,
771 1214 952 1289 maximum
967 1240 1011 1289 ex
1024 1214 1123 1288 vobis
1155 1239 1165 1292 5

268 1329 388 1427 gloriae
414 1329 522 1403 decus
547 1355 585 1403 se
607 1347 829 1403 consecutam
856 1354 933 1403 esse
952 1330 1120 1403 fatebitur.

268 1447 426 1518 Vestrum
454 1445 554 1542 igitur
571 1445 644 1533 erit,
664 1460 700 1518 ut
718 1445 839 1534 lacitis,
858 1445 981 1519 divinae
1005 1444 1122 1542 invigi-

269 1561 338 1633 lare
368 1560 479 1632 virtuti
523 1584 589 1633 nec
624 1559 755 1633 illorum
786 1562 904 1633 stultas
939 1559 1121 1658 opiniones

268 1700 514 1774 expavescere,
546 1676 603 1772 qui
634 1702 792 1774 magnum
824 1677 1012 1775 periculum
1043 1700 1121 1750 esse

268 1791 362 1864 aiunt
387 1791 529 1865 seminas
557 1792 674 1865 litteris
701 1792 900 1866 incumbere
925 1818 969 1866 ac
994 1791 1119 1866 studio.
1137 1817 1167 1854 ιο

269 1910 387 2004 ltaque
406 1907 498 1980 nihili
525 1933 644 1981 eorum
662 1909 768 1982 verba
786 1908 929 1998 laciatis,
952 1909 1120 1998 obtestor,

267 2023 330 2097 sed
365 2023 539 2122 inceptum
567 2024 662 2097 bono
684 2024 798 2098 animo
824 2049 913 2123 opus
939 2023 1120 2121 prosequi-

269 2138 359 2229 mini,
387 2139 483 2236 quod
510 2140 671 2236 prolecto
699 2140 791 2213 brevi
814 2140 912 2213 vobis
938 2141 1118 2230 honorem,

267 2253 384 2328 amicis
403 2254 537 2328 laudern
573 2279 615 2329 ac
645 2255 788 2353 gloriam
807 2271 843 2328 et
875 2253 1119 2353 amplissimum
1189 2310 1197 2319 .

267 2385 371 2466 atque
402 2369 592 2444 immortale
624 2371 743 2468 patriae
775 2387 901 2444 nostrae
932 2370 1040 2444 decus
1067 2387 1120 2444 est
1136 2395 1162 2449 ιι

267 2485 452 2558 allaturum.
480 2487 603 2559 Valete
625 2502 661 2559 et
687 2502 722 2559 ut
748 2485 933 2559 inchoastis
959 2510 1120 2583 perseve-

267 2618 349 2674 rate.
370 2602 434 2675 Me
453 2601 548 2674 matri
567 2618 690 2675 vestrae
709 2618 873 2680 matronae
892 2599 1120 2698 integerrimae

266 2732 302 2789 et
335 2715 611 2813 splendidissimo
650 2717 757 2814 equiti
791 2715 934 2789 domino
967 2714 1119 2789 Antonio

267 2831 444 2928 plurimum
463 2833 717 2907 commendate.

312 3081 345 3143 (2)
359 3082 536 3131 GinebramC.
570 3084 726 3142 lsottamque
742 3082 770 3128 V.
807 3079 986 3143 (alcettumo
1016 3079 1049 3142 (7)
1062 3078 1120 3129 Inda

265 3175 281 3208 a
297 3162 415 3210 Vestrum
433 3162 509 3211 denuo
527 3161 641 3225 incipiunt
661 3162 724 3210 GM.
767 3159 801 3224 (8)
827 3161 933 3209 istorum
957 3159 1061 3208 facultas
1086 3159 1116 3209 C.

265 3240 299 3303 (o)
317 3242 388 3303 quod
404 3242 433 3291 C.
468 3240 517 3304 (10)
534 3243 612 3302 aiunt]
634 3250 718 3290 autem
736 3242 766 3290 C.
800 3240 850 3302 (ιι)
868 3242 967 3289 illorum
980 3240 1009 3288 C.
1044 3239 1119 3289 nichil

265 3322 344 3370 verba
361 3336 450 3370 eorum
469 3323 501 3370 G.
537 3322 585 3384 (η)
604 3321 642 3369 br.
660 3337 684 3369 v.
703 3330 821 3383 tempore
839 3321 976 3369 honGM.
1012 3318 1061 3381 (14)
1072 3319 1113 3381 ac]

265 3410 291 3450 et
309 3403 369 3452 CM.
404 3401 452 3464 (ις)
477 3402 576 3449 inmort.
603 3403 639 3460 M,
666 3402 865 3450 immemorabile
890 3399 924 3461 (in
946 3413 1039 3462 mam:
1057 3399 1118 3449 alias

265 3481 415 3545 immortale)
432 3482 461 3531 <2
497 3488 592 3531 nostre
603 3495 649 3530 om.
661 3482 690 3530 C.
720 3490 806 3530 vestre
823 3481 951 3543 paulac,
971 3487 1058 3529 nostre
1075 3493 1119 3541 pa-

265 3561 313 3610 trie
322 3562 360 3610 Μ.
376 3559 544 3625 (16)choastis
553 3561 583 3614 Q
597 3562 645 3626 (ιθ)
654 3561 782 3611 Armonio
790 3561 815 3612 G
820 3562 847 3609 V.
861 3559 910 3625 (ι9)
919 3560 1077 3609 corumvale
1086 3558 1116 3608 C

980 3665 1010 3716 ὃ.
