2850 4694
718 601 773 665 188

317 773 371 842 Tu
399 795 546 868 namque
572 773 722 868 optimus
741 773 836 846 testis
852 774 932 859 eris,
952 800 1006 846 me
1025 790 1085 848 tuo
1106 776 1171 848 im·

316 888 412 984 pulsu
453 887 562 984 ipsum
593 888 826 986 respondendi
857 915 977 964 munus
1007 891 1167 965 subiisse.

317 1003 439 1102 Quare
461 1003 601 1076 breuem
619 1020 655 1076 et
673 1004 881 1101 incomptam
901 1029 921 1079 a
939 1030 994 1079 me
1011 1005 1170 1103 accipies

315 1118 509 1215 epistolam,
536 1143 616 1215 quae
641 1119 668 1192 si
696 1120 756 1193 tibi
775 1119 820 1193 de
839 1120 904 1195 tuis
923 1120 954 1193 in
974 1147 1029 1195 me
1047 1145 1169 1196 cumu-

290 1233 485 1320 5latissimis
510 1233 667 1308 laudibus
692 1234 813 1332 dignas
840 1262 908 1310 non
931 1255 1010 1335 aget
1025 1239 1167 1335 gratias,

316 1374 384 1423 non
410 1349 569 1447 epistolae
592 1374 706 1447 neque
723 1353 900 1443 voluntati,
917 1352 980 1427 sed
999 1353 1165 1449 ingenioli

316 1465 382 1538 mei
396 1465 552 1562 parvitati
566 1465 742 1540 adscribas
759 1491 833 1539 oro.
852 1470 934 1542 Non
948 1492 1020 1542 sum
1035 1469 1166 1559 nescia,

315 1580 411 1678 quod
429 1581 552 1655 caritas
570 1599 627 1655 tua
645 1581 676 1653 in
696 1607 751 1655 me
765 1581 976 1657 incredibilis
989 1599 1023 1657 te
1038 1584 1102 1657 ista
1120 1584 1167 1658 de

316 1721 371 1770 me
388 1722 468 1794 quae
481 1722 549 1771 non
564 1712 631 1770 tam
645 1720 726 1780 vera
742 1722 845 1794 quam
859 1716 1072 1797 magnasunt
1089 1723 1167 1774 cre-

273 1811 399 1886 rodere
424 1830 460 1886 et
481 1813 635 1886 scribere
652 1813 779 1909 coegit.
804 1816 915 1888 Tuam
933 1831 1046 1888 tamen
1066 1816 1165 1890 istam

315 1930 522 2001 voluntatem
541 1952 583 2001 ac
601 1928 866 2002 beniuolentiam
881 1954 965 2028 erga
982 1956 1037 2004 me
1054 1931 1166 2005 liben-

316 2060 367 2117 ter
404 2044 597 2141 amplector
625 2062 661 2117 et
690 2045 735 2118 ab
769 2045 883 2118 animo
918 2046 1165 2121 humanissimo

314 2159 430 2233 omnia
454 2176 490 2233 et
515 2157 610 2232 dicta
634 2175 670 2232 et
687 2159 840 2257 cogitata
857 2160 937 2234 mihi
957 2159 1165 2258 persuadeo.

316 2276 407 2349 Nam
434 2275 558 2373 quibus
584 2275 697 2348 verbis
723 2275 875 2350 laetitiam
906 2301 1010 2375 quam
1036 2277 1081 2351 ad
1108 2302 1166 2351 me

273 2428 298 2480 ις
314 2391 425 2464 attulit
441 2391 589 2487 epistola
606 2407 664 2464 tua
680 2391 880 2488 exprimam,
899 2408 969 2465 tum
988 2392 1070 2489 quia
1086 2417 1166 2466 eam

315 2505 496 2579 maximum
523 2506 700 2603 praemium
727 2531 816 2580 mete
834 2504 872 2600 (si
891 2506 1041 2603 quaest)
1059 2508 1166 2582 virtu-

314 2620 357 2693 tis
382 2644 459 2694 esse
484 2621 589 2711 duco,
616 2637 686 2695 tum
712 2622 794 2718 quia
819 2620 914 2718 quod
939 2646 961 2695 a
986 2622 1167 2698 Cicerone

314 2736 458 2834 aliisque
487 2736 722 2812 eruditissimis
751 2736 831 2811 viris
861 2735 991 2811 dictum
1022 2739 1166 2836 accipio

314 2850 523 2925 verissimum
553 2876 630 2926 esse
660 2850 812 2925 affirmo:
844 2876 908 2926 eos
937 2852 1042 2926 etiam
1073 2878 1166 2950 quos

271 2991 486 3063 20nunquam
511 2965 657 3041 vidimus
682 2983 826 3065 propter
849 2968 1008 3042 virtutem
1030 2986 1065 3043 et
1082 2994 1165 3068 pro-

359 3178 394 3241 (4)
416 3178 450 3227 de
474 3178 533 3239 tuis]
559 3178 648 3228 decius
673 3179 704 3228 C.
738 3177 773 3240 (ς)
798 3185 859 3241 eget
890 3179 917 3236 V,
935 3191 981 3226 om.
1002 3179 1034 3228 G.
1069 3179 1104 3241 (6(
1121 3189 1163 3229 set

315 3260 371 3308 GV.
406 3258 440 3322 (7)
456 3258 569 3308 ascribas
596 3259 626 3318 C,
655 3259 787 3308 describas
810 3259 874 3308 GM.
916 3257 951 3321 (8)
983 3259 1017 3320 in]
1044 3260 1103 3307 mihi
1130 3260 1163 3309 C.

313 3339 363 3402 (ις)
384 3340 467 3388 omnia
489 3353 535 3388 om.
562 3340 592 3398 Q
618 3340 702 3389 omnin
718 3347 744 3388 et
760 3352 830 3388 omm.
845 3338 909 3388 GM.
943 3338 1110 3400 persuadebo
1127 3341 1162 3389 G.

313 3419 364 3482 (15)
378 3432 459 3480 quare
474 3433 505 3468 ea
517 3421 544 3469 V.
575 3422 624 3484 (ιό)
638 3420 743 3469 maxime
760 3419 824 3468 GM.
854 3419 996 3481 proemium
1014 3419 1044 3477 Q
1061 3433 1107 3468 om.
1127 3420 1161 3469 G.

312 3500 360 3562 (ιὸ.
387 3511 424 3560 17)
446 3500 525 3548 virtus
553 3501 579 3548 V.
614 3502 663 3564 (17)
690 3513 771 3561 quare
794 3498 866 3559 quod
896 3499 922 3557 V,
946 3511 992 3547 om.
1023 3499 1055 3547 G.
1089 3500 1164 3559 quod

311 3594 357 3630 om.
376 3581 414 3630 M.
