2850 4694
658 910 733 978 ΧΠ.

270 1190 400 1251 (Veronae,
420 1189 486 1237 haud
505 1189 537 1236 ita
561 1190 639 1236 multo
660 1198 719 1250 post
742 1189 809 1238 diem
830 1190 875 1237 ΧΙ.
895 1190 988 1237 mensis
1002 1190 1125 1238 Octobris

638 1282 661 1314 a·
683 1268 760 1328 uto)

270 1491 360 1562 isoio
377 1488 547 1587 Nognroio
563 1488 746 1562 doctissimo
764 1488 828 1561 viro
852 1491 1002 1563 Gnonno
1027 1493 1122 1564 Vero

564 1603 657 1677 riensi
670 1607 702 1677 S.
722 1608 759 1676 P.
780 1609 828 1677 D.
1157 1634 1166 1684 t
1267 1701 1270 1707 Ι

454 1941 596 1989 narone
630 1933 742 2005 antea,
774 1917 940 2005 Guarine,
970 1917 1019 1989 vir
1045 1917 1122 1990 insi-

475 2031 562 2128 gnis,
576 2030 619 2104 ad
639 2048 672 2104 te
691 2032 854 2120 scribere,
876 2033 1036 2128 quoniam
1054 2060 1121 2106 non

478 2173 539 2245 par
563 2148 751 2220 arbitrabar
778 2174 832 2221 me
859 2148 1003 2221 tironem
1033 2149 1121 2221 litte-

268 2247 378 2337 rarum
393 2262 437 2337 ad
448 2281 481 2337 te
496 2281 669 2337 oratorum
684 2262 874 2360 principem
887 2264 1014 2337 litteras
1024 2263 1117 2337 dare.

316 2439 406 2487 Collati
424 2448 497 2487 sunt:
521 2439 612 2488 Codex
634 2439 841 2487 vindobonensis
857 2453 893 2486 nr.
915 2438 970 2497 3481
990 2438 1041 2501 (C),
1061 2438 1120 2488 Ric-

266 2519 400 2568 cerdianus
416 2533 452 2566 nr.
472 2532 518 2578 779
534 2519 583 2582 (F),
601 2519 730 2567 Parisinus
748 2533 770 2565 n.
791 2518 852 2577 7869
867 2517 914 2581 (L),
935 2518 1064 2568 Parisinus
1082 2534 1118 2567 nr.

267 2598 331 2661 8580
346 2598 393 2661 (P),
414 2599 596 2648 Riccardinnus
614 2614 650 2647 nr.
670 2612 716 2657 924
732 2598 787 2661 (R),
813 2599 970 2661 Veronensis
986 2598 1038 2662 (V).

319 2677 421 2727 walum
432 2692 460 2727 ex
480 2677 606 2741 Vsumpsi.
627 2681 693 2727 isota
711 2679 743 2726 N.
763 2677 787 2726 d.
806 2693 829 2726 v.
841 2679 873 2728 G.
883 2680 913 2726 V.
924 2681 1031 2727 salutem
1048 2680 1082 2740 pi.
1092 2679 1117 2726 d.

267 2757 290 2806 C
307 2760 330 2806 ci
348 2759 379 2813 R,
397 2757 439 2821 qui
453 2761 532 2807 tamen
549 2760 582 2820 pi.
601 2758 699 2817 omittit;
718 2760 784 2807 lsota
799 2758 866 2820 Nog.
886 2758 1118 2820 clarissimumque

265 2837 415 2887 doctissimo
432 2852 487 2886 vtro
504 2838 619 2888 Guarino
635 2838 779 2887 Veronensi
796 2846 927 2886 oratorum
942 2847 1021 2899 atque
1039 2839 1119 2900 philo

266 2919 407 2979 sophorum
423 2918 530 2980 principi
548 2921 654 2967 salutem
672 2919 806 2980 plurimam
822 2918 883 2968 dicit
901 2919 954 2967 Fet
964 2919 1036 2967 codex
1047 2917 1119 2967 Basi-

265 2996 343 3047 tr'enn's
358 2997 410 3060 (qui
425 3011 471 3046 om.
490 2998 578 3057 dicit);
597 2998 771 3047 Pudicissimoe
782 2997 983 3046 adolescentuiae
997 2999 1071 3045 lsotoe
1083 2997 1117 3046 de

267 3079 400 3140 Nogaroio
424 3077 456 3125 ad
479 3078 643 3126 clarissimum
668 3087 798 3126 oratorem
823 3078 961 3126 Guarinum
985 3079 1117 3126 Veronen-

265 3172 319 3207 sem
342 3159 450 3220 epistola
473 3158 559 3220 incipit
576 3160 612 3215 L‚·
633 3157 769 3206 Aidissimo
793 3167 870 3218 atquc
888 3158 1037 3207 doctissimo
1062 3159 1117 3206 viro

266 3238 380 3289 Guarino
404 3239 545 3286 Veronensi
570 3246 699 3286 oratorum
722 3246 801 3298 atque
821 3239 1032 3299 philosophorum
1050 3238 1117 3299 prin-

264 3318 314 3380 cipi
339 3333 359 3366 s.
386 3333 411 3380 p.
441 3320 507 3367 lsota
531 3320 661 3380 Nogaroin
684 3317 744 3367 dicit
761 3320 787 3367 P.
823 3317 1118 3379 (⁶)Guar.omm.1³ct

264 3398 316 3447 cod.
331 3397 476 3447 aniir'cnsis.
511 3400 555 3447 vir.
568 3400 613 3447 ins.
625 3400 704 3449 Guar.
716 3400 747 3447 R.
782 3397 815 3461 (7)
825 3408 903 3446 teom.
915 3400 941 3446 Ρ.
961 3400 993 3459 (7.
1003 3399 1026 3461 Β)
1035 3413 1113 3460 quon.

263 3477 297 3527 nd
308 3485 334 3526 te
347 3493 393 3540 par
405 3493 454 3527 non
467 3480 498 3527 R.
528 3479 562 3541 (Β)
574 3488 690 3541 tyronem
699 3481 719 3526 L
727 3477 778 3542 (qui
789 3479 854 3526 liter.
866 3479 925 3542 tyr.)
936 3480 963 3527 V.
999 3478 1033 3541 (9)
1051 3479 1115 3527 litte·

264 3570 305 3605 ras
327 3555 399 3619 dare}
422 3558 537 3607 scribere
552 3560 579 3606 L.

318 3680 378 3722 lm
393 3676 502 3732 Nognroioe
516 3681 592 3732 Operi.
607 3679 622 3722 1.
997 3677 1007 3728 i
