2850 4694
538 627 593 688 147

137 776 277 868 dentiae)
312 796 369 852 aut
403 779 437 853 id
473 807 541 853 non
568 781 720 870 efficere,
748 783 843 879 quod
870 799 989 880 posset

137 892 244 990 (quod
262 911 315 968 est
333 896 487 992 perfidiae
505 912 563 969 aut
578 896 830 995 negligentiae);
849 898 988 971 minime

137 1009 255 1083 mirum
266 1027 329 1101 est,
340 1013 738 1108 paterreverendissime‚
748 1013 776 1087 si
787 1013 989 1111 ipsaverear

137 1126 299 1223 dirusque
313 1145 426 1201 currat
440 1153 502 1225 per
515 1152 594 1202 ossa
607 1145 745 1219 tremor,
760 1145 796 1202 et
809 1154 854 1203 eo
868 1129 987 1228 magis,

136 1266 213 1314 cum
233 1242 383 1339 cogitem
402 1269 457 1316 me
476 1245 635 1318 seminam
663 1262 774 1319 natam
799 1270 888 1334 esse,
908 1271 988 1342 quae
1020 1272 1030 1325 ς

135 1360 240 1431 verba
258 1359 409 1456 frangam
428 1360 663 1458 potiusquam
681 1362 879 1458 proloquar,
893 1377 930 1434 et
942 1361 987 1435 ad

135 1489 169 1544 te
188 1473 401 1570 potissimum
419 1475 579 1564 scribam,
606 1475 702 1550 cuius
729 1491 822 1549 tanta
843 1493 896 1549 est
913 1477 987 1549 elo·

135 1590 285 1685 quentia,
313 1591 451 1664 dicendi
479 1592 528 1665 vis
553 1608 658 1689 atque
684 1593 842 1682 suavitas,
862 1610 897 1666 ut
915 1619 987 1667 me-

135 1703 199 1778 rito
218 1705 263 1779 de
281 1723 315 1779 te
333 1706 466 1780 dicatur
491 1708 587 1804 quod
605 1708 650 1781 de
671 1710 823 1781 Nestore
852 1711 987 1782 Home·

135 1845 189 1893 rus
206 1820 269 1894 ait:
290 1840 349 1894 tuo
366 1847 410 1895 ex
428 1847 489 1897 ore
508 1825 608 1897 melle
626 1824 761 1898 dulcior
778 1824 850 1897 fluit
862 1825 986 1914 orati0,
1003 1850 1032 1886 10

134 1953 296 2035 tantaque
323 1939 489 2035 pontificii
515 1956 551 2013 et
576 1939 712 2014 humani
740 1940 818 2013 iuris
843 1940 987 2014 scientia

134 2056 275 2148 polleas.
286 2058 413 2129 Verum
429 2057 637 2130 humanitate
651 2073 708 2131 tua
722 2057 860 2130 invitata
874 2057 984 2155 ipsum

134 2170 202 2242 hoc
220 2170 392 2244 scribendi
412 2196 532 2244 munus
554 2197 618 2268 pro
637 2172 790 2246 muliebri
810 2197 887 2245 mea
904 2173 985 2245 sub

134 2283 181 2357 ire
211 2286 310 2358 statui
338 2286 510 2383 maluique
535 2311 660 2375 errare,
688 2288 766 2376 labi,
794 2312 896 2385 quam
923 2314 983 2362 vo-

132 2401 249 2475 luntati
268 2418 336 2476 tuae
354 2427 395 2475 ac
415 2403 599 2500 praeceptis
617 2428 685 2475 non
701 2428 830 2476 morem
848 2428 982 2499 gerere,
1000 2427 1025 2478 ιι

178 2711 211 2772 (ι)
240 2713 320 2773 possit
348 2713 375 2760 F.
420 2712 454 2776 (2)
476 2722 516 2761 est
531 2727 576 2762 om.
605 2714 632 2762 F.
677 2715 730 2773 aut]
761 2722 786 2761 er
813 2713 842 2770 C,
867 2726 898 2762 ac
916 2714 980 2762 GM.

131 2791 163 2850 (ι.
174 2792 310 2854 menetai
322 2792 501 2852 duriusqueF.
536 2793 570 2855 (4)
587 2802 659 2842 curat
676 2794 706 2843 C.
741 2807 789 2854 per
804 2807 873 2841 omm.
891 2793 980 2842 CGM.

131 2879 157 2920 et
182 2873 225 2932 eo]
257 2880 283 2920 ut
311 2886 361 2934 ego
386 2873 413 2920 F.
463 2871 497 2935 (ς)
524 2875 574 2934 me]
597 2886 629 2921 ne
647 2873 674 2921 F.
710 2881 767 2921 neta
787 2874 814 2920 V.
850 2871 884 2936 (6)
901 2873 982 2922 verbe

130 2965 175 2999 om.
206 2952 232 2999 F.
285 2952 384 3014 frangar
411 2953 444 3002 G.
485 2951 519 3014 (7)
546 2960 614 3001 tanta
640 2967 685 3001 om.
716 2952 742 3000 F.
788 2960 828 3001 est
855 2960 923 3001 tante
950 2954 978 3000 Λ.

130 3030 164 3093 (8)
180 3032 227 3092 vis]
241 3045 280 3079 me
298 3032 325 3080 fi.
361 3032 394 3095 (ο)
411 3032 482 3093 quod
501 3047 532 3081 ne
543 3034 575 3081 N.
588 3033 615 3081 F.
649 3031 681 3092 (9.
695 3032 732 3093 ιο)
749 3032 783 3079 eit
801 3033 931 3080 Homerus
949 3033 979 3082 C

130 3110 179 3173 (ιο)
203 3113 269 3159 mele
293 3111 341 3159 AF.
384 3111 444 3160 fluet
470 3112 581 3161 CGMV.
623 3111 707 3160 orario
723 3125 768 3159 om.
788 3111 818 3160 C.
853 3111 902 3173 (11)
920 3119 936 3159 t.
955 3120 981 3160 et

131 3191 229 3239 humani
247 3191 368 3252 pontificii
385 3206 415 3240 ac
432 3192 508 3239 divini
527 3193 587 3239 iuris
604 3194 632 3250 Α,
651 3199 668 3239 t.
688 3199 714 3239 et
732 3192 841 3239 humano
859 3191 980 3252 pontificii

129 3277 155 3317 et
173 3272 271 3318 humani
296 3271 356 3318 iuris
373 3272 400 3328 F,
427 3279 444 3319 ι.
470 3286 495 3333 ρ.
513 3280 592 3333 atque
610 3273 715 3319 humana
734 3271 785 3319 uris
806 3272 833 3317 V.
868 3269 917 3333 (ιι)
934 3285 981 3332 ρο·

130 3352 182 3397 lens
196 3351 268 3399 ACF.
304 3351 379 3399 invita
394 3351 446 3400 AC.
482 3352 554 3414 ipsim
572 3352 599 3399 F.
634 3350 977 3413 (13)meafacultates.1⁷.

129 3430 178 3493 (ιι)
196 3431 332 3491 malluique
356 3432 410 3488 m,
429 3432 549 3492 aliunque
567 3433 594 3479 Α.
630 3445 721 3480 errore
739 3432 766 3480 F.
802 3439 828 3479 et
845 3431 894 3478 iabi
913 3431 977 3479 GM.

129 3508 176 3569 (ι).
204 3512 405 3574 15)volumptati
427 3513 454 3559 V.
494 3510 544 3573 (ις)
562 3520 588 3560 et
605 3512 638 3569 G,
656 3519 734 3572 etque
752 3511 780 3569 F,
798 3523 844 3558 om.
864 3511 893 3559 C.
928 3524 978 3559 non

128 3603 174 3637 om.
193 3591 220 3639 F.
255 3604 348 3654 gerere
365 3605 462 3643 morem
479 3592 507 3643 F.
542 3605 635 3657 gerere
651 3605 697 3641 οηι
720 3591 747 3640 V.

828 3698 870 3748 ιο·
