2850 4694
672 579 724 643 ²²5

270 732 355 806 sium
381 749 496 829 gestas
515 733 674 807 mandatu
694 734 859 808 maiorum
879 736 1121 833 perstringens,

271 872 341 944 quo
372 847 486 921 notior
515 848 605 922 soret
636 849 796 947 hystoria,
831 849 858 923 si
894 849 1031 925 diverso
1067 851 1122 924 fir·

270 979 418 1036 maretur
464 963 613 1060 ingenio,
661 964 887 1062 responsione
933 967 1121 1064 complecti

268 1103 340 1151 sum
367 1102 548 1175 aggressus
565 1096 601 1152 et
619 1104 677 1153 eas
696 1078 834 1177 quidem
854 1096 995 1170 tantum,
1013 1106 1122 1178 quan·

269 1210 338 1267 tum
353 1194 448 1291 potui
467 1195 603 1268 clariori
621 1195 778 1269 oratione
796 1196 924 1270 conari.
945 1195 1015 1270 Sed
1033 1222 1121 1294 quo·
1155 1227 1163 1274 t

268 1309 357 1382 niam
372 1327 431 1383 tuo
446 1310 518 1384 vise
532 1327 610 1384 sunt
624 1310 752 1385 iudicio
767 1311 999 1409 comprobari,
1015 1312 1121 1410 magis

267 1428 385 1499 exulto
419 1443 455 1499 et
491 1425 570 1498 nihil
598 1427 729 1523 penitet
763 1428 959 1502 incubuisse
988 1427 1117 1525 vigiliis.

269 1542 373 1614 Nunc
401 1543 575 1615 laborasse
602 1542 702 1631 iuvat,
730 1542 833 1616 dulce
854 1560 908 1617 est
926 1543 1119 1617 meminisse

268 1657 432 1730 laborum.
472 1659 561 1730 Nam
592 1658 667 1731 scio
699 1660 911 1732 lucubratum
942 1683 1031 1756 opus
1062 1676 1119 1732 tua

266 1772 446 1846 obnitente
469 1774 571 1848 laude
590 1773 627 1847 iri
647 1801 715 1848 non
734 1774 949 1872 depressum,
967 1791 1004 1848 et
1021 1792 1117 1848 tanto
1136 1807 1163 1841 10

267 1888 376 1963 minus
402 1906 534 1987 quanto
565 1891 671 1989 magis
703 1908 760 1965 tua
778 1893 947 1988 probante
965 1890 1116 1965 lectione

266 2005 496 2079 transcureris.
513 2007 638 2079 Verum
653 2007 734 2103 quia
746 2032 790 2080 ex
805 2006 922 2080 litteris
941 2006 1005 2080 tuis
1024 2031 1117 2080 meas

266 2120 428 2217 epistulas
463 2137 520 2194 tue
555 2122 762 2195 correctioni
790 2121 1022 2196 subiiciendas
1056 2120 1116 2194 tibi

267 2235 358 2308 laudi
389 2237 464 2309 sore
482 2236 638 2325 extimas,
667 2238 830 2334 intelligo,
859 2237 1016 2311 incitatus
1041 2263 1114 2310 sum

267 2352 455 2447 plusculum
486 2351 531 2425 ad
561 2352 792 2442 scribendum,
825 2369 860 2425 ut
894 2369 950 2426 tua
976 2376 1116 2426 correc-
1134 2384 1157 2421 ιε

266 2465 360 2539 tione
395 2466 533 2540 doctior
557 2467 631 2557 sim,
661 2486 697 2541 et
723 2485 757 2541 tu
786 2493 862 2542 mea
896 2468 1047 2565 legendo
1080 2485 1116 2542 et

266 2582 427 2672 limando,
464 2602 646 2682 postquam
690 2586 740 2659 sic
781 2585 942 2682 opinaris,
979 2584 1115 2682 precio·

265 2698 335 2771 sior
369 2699 438 2773 lias.
468 2699 671 2774 Meditabor
695 2725 781 2797 ergo
812 2701 844 2772 in
862 2685 1005 2774 occulto
1023 2702 1116 2773 bona

264 2831 301 2887 et
350 2840 392 2888 ea
443 2817 635 2912 propalabo
686 2815 814 2889 iudicio
864 2833 924 2890 tuo
966 2840 1112 2912 semper.

314 2929 384 3004 Sed
410 2929 456 3003 de
482 2929 533 3005 his
559 2934 735 3005 hactenus.
764 2931 926 3005 Coniunx
954 2955 1031 3004 mea
1061 2956 1114 3004 ur·
1130 2962 1160 2996 20

263 3063 368 3144 gente
395 3046 480 3120 tusci
515 3063 595 3119 ante
633 3063 798 3120 maturum
839 3048 944 3120 letum
980 3046 1115 3143 peperit

265 3165 411 3258 puelam‚
427 3187 495 3259 que
514 3187 579 3236 nec
598 3165 699 3253 valet,
719 3188 784 3237 nec
807 3187 988 3261 puerpera,
1007 3185 1113 3259 quare

263 3276 449 3351 admodum
461 3277 561 3351 tristis
570 3303 656 3368 sum,
671 3279 751 3376 quia
764 3278 991 3352 decrescente
1005 3279 1114 3350 salute

263 3392 389 3467 crescit
415 3396 535 3491 langor
556 3411 593 3467 et
622 3395 726 3469 tuscis
744 3411 779 3468 et
798 3393 901 3468 febris
920 3393 1115 3467 intumescit

264 3525 300 3580 et
317 3525 419 3598 toret,
436 3524 472 3580 et
490 3508 598 3582 infans
617 3509 663 3583 ita
680 3534 786 3591 rauco
804 3510 916 3612 vagitu
934 3525 998 3593 est,
1017 3507 1113 3605 quod
1129 3540 1155 3602 ²t

316 3661 376 3703 lma
391 3661 501 3718 Noguolra
513 3660 591 3721 Opera.
606 3663 621 3712 l.
980 3662 1005 3713 ll
