2850 4694
676 581 726 641 ιι)

272 749 354 805 nota
382 757 526 830 quoque
544 731 691 806 reddere
721 736 854 805 coner?
879 732 1067 820 Videtisne,
1098 759 1121 805 ο

270 846 507 921 eruditissimae
533 847 680 936 seminae,
700 864 828 943 quanta
854 847 924 920 istis
941 872 985 921 ex
1003 848 1121 922 litteris

271 963 364 1036 bona
387 963 622 1061 sumpseritis?
650 965 778 1035 Nonne
805 962 902 1036 istaec
919 963 1017 1036 vobis
1035 962 1122 1037 doc·

271 1077 356 1152 trina
374 1079 466 1151 omni
483 1078 612 1176 gratior
629 1079 791 1152 thesauro
809 1077 992 1174 cariorque
1010 1078 1121 1152 inest?

271 1192 403 1282 Credo,
431 1194 535 1267 immo
561 1219 644 1267 vero
670 1193 823 1284 confido,
850 1218 926 1267 eam
944 1218 1006 1267 vos
1031 1196 1121 1269 nulla
1153 1228 1162 1280 t

269 1312 382 1407 ampla
398 1310 626 1408 supellectile,
645 1311 737 1383 nullo
755 1310 893 1407 insuper
910 1333 1018 1407 regno
1048 1334 1121 1383 mu-

270 1440 429 1500 tuaturas.
460 1428 552 1501 Haec
568 1425 659 1500 enim
678 1441 804 1499 cuncta
828 1442 1069 1499 momentanea
1085 1441 1123 1499 et

271 1540 418 1616 fortunae
431 1558 509 1616 sunt
525 1566 608 1616 sane
622 1542 777 1631 ludibria,
791 1541 847 1614 illa
864 1558 976 1614 autem
990 1555 1121 1614 aeterna

270 1654 392 1730 mentis
418 1657 511 1731 bona
528 1674 564 1730 et
580 1657 720 1731 stabiles
738 1659 916 1730 thesauros
933 1654 1120 1753 perdurare

269 1772 449 1847 cernimus.
479 1777 574 1874 Quae
592 1797 671 1847 cum
688 1797 821 1847 summa
837 1772 969 1846 ratione
987 1771 1119 1846 intelle-
1136 1805 1165 1842 ιο

270 1886 363 1961 xistis
393 1888 538 1962 nominis
569 1888 833 1986 perpetuitatem
860 1888 1056 1976 observare,
1084 1887 1117 1960 in

269 2002 321 2076 his
345 2028 428 2077 vero
446 2003 628 2101 diligenter
645 2003 835 2091 versamini,
854 2001 959 2099 ,quod
977 2001 1118 2099 quidem

268 2118 447 2194 consilium
475 2145 543 2192 non
571 2119 711 2193 laudare
729 2136 765 2192 et
783 2118 936 2191 maximis
954 2117 1117 2215 prosequi

268 2234 424 2308 laudibus
439 2260 507 2308 non
522 2261 672 2334 possum.
691 2236 794 2308 Nulla
807 2235 896 2309 enim
907 2233 972 2307 alia
986 2234 1117 2308 ratione

268 2348 432 2448 insignem
451 2351 615 2425 maiorum
640 2367 829 2425 vestrorum
852 2349 1063 2424 nobilitatem
1082 2366 1118 2424 et
1135 2385 1161 2435 ις

267 2467 525 2542 clarissimarum
552 2492 663 2541 rerum
684 2467 828 2566 gloriam
847 2466 994 2541 retinere
1011 2482 1116 2564 atque

265 2605 393 2680 augere
432 2608 536 2681 posse
560 2582 767 2658 videbamini
794 2582 855 2657 nisi
880 2584 961 2669 sola„
983 2599 1117 2657 cetera-

266 2722 339 2771 rum
358 2725 469 2773 rerum
487 2699 605 2798 regina
629 2699 762 2773 virtute.
791 2699 936 2788 Etenim,
956 2716 991 2772 ut
1007 2698 1117 2795 inquit

266 2812 333 2904 ille,
363 2815 422 2913 qui
451 2840 560 2913 genus
589 2840 686 2889 suum
717 2816 821 2889 iactat
849 2814 961 2889 aliena
989 2813 1114 2887 laudat.

267 2932 493 3029 Quapropter
523 2948 558 3004 ut
591 2931 689 3004 vobis
724 2929 839 3004 nobile
869 2946 905 3003 et
945 2929 1115 3027 singulare
1131 2969 1162 3004 ιο

264 3045 377 3143 stirpis
400 3072 509 3144 genus
531 3071 573 3120 ac
591 3047 766 3145 proprium
793 3045 1051 3143 compararetis,
1070 3043 1114 3118 ad

312 3230 345 3294 (ι)
362 3245 444 3281 conor
460 3233 490 3282 G
524 3247 541 3281 ο
555 3246 600 3282 om.
615 3235 643 3280 V.
677 3232 711 3296 (3)
728 3231 817 3291 istaec]
833 3231 853 3278 is
863 3244 905 3278 res
914 3231 943 3278 C.
978 3229 1012 3292 (ς)
1022 3231 1072 3278 imo
1085 3232 1112 3278 V.

265 3310 299 3373 (6)
316 3313 425 3374 suppell.
444 3312 474 3361 G
509 3311 542 3374 (7)
561 3312 619 3361 Nec
638 3313 666 3359 V.
700 3311 750 3374 (ιο)
768 3311 853 3373 Quem
872 3312 899 3359 V.
933 3310 983 3372 (υ)
1001 3309 1048 3368 hiis
1064 3324 1114 3359 non

264 3389 342 3454 diltlg.
361 3392 390 3440 C.
425 3392 474 3456 (η)
492 3393 552 3452 non]
567 3405 633 3441 nune
653 3392 680 3439 V.
714 3390 764 3454 (ις)
781 3390 902 3440 maiorem
919 3398 1065 3439 nostrorum
1085 3391 1113 3438 V.

265 3468 315 3533 (17)
331 3470 448 3520 videbam
466 3485 515 3520 non
532 3471 587 3520 sola
603 3469 632 3519 C.
673 3468 722 3533 (¹9)
739 3469 838 3519 alienna
857 3471 885 3518 V.
925 3468 975 3533 (ιο)
992 3470 1066 3519 nobis
1083 3470 1112 3520 C.

264 3547 530 3613 (arloomparetisc
587 3571 589 3574 >

319 3669 379 3711 Ιιοιε
395 3670 502 3725 Negarolz
517 3670 591 3725 Opera.
607 3670 621 3713 l.
993 3655 1009 3702 ⁸
