2850 4694
707 598 765 666 ²³4

312 776 503 833 nostrorum
522 776 558 831 et
574 759 763 831 animorum
781 756 971 832 concordia
985 758 1017 830 in
1028 774 1065 831 te
1079 781 1167 831 con-

311 898 428 948 versus
461 899 547 965 sum,
579 890 614 948 ut
645 897 710 947 nec
740 872 861 947 divisio
891 897 957 948 nec
987 872 1167 949 discordia

311 988 431 1087 quevis
445 1015 501 1064 me
514 988 685 1065 diversum
698 1012 803 1087 agere
816 988 934 1087 possit.
949 988 1053 1063 Adde
1067 989 1166 1087 quod

312 1103 376 1179 tuis
385 1104 504 1178 amicis
513 1103 753 1178 verbisindies
764 1105 869 1202 magis
880 1103 1058 1202 magisque
1067 1104 1166 1202 cogi-

271 1254 280 1303 ς
313 1245 386 1294 mur
403 1237 440 1293 et
457 1219 720 1294 concordamus.
741 1219 810 1294 Sed
829 1237 941 1294 tamen
959 1219 993 1293 in
1012 1222 1081 1294 hoc
1094 1219 1166 1294 dis·

312 1335 458 1410 cordare
476 1334 640 1425 videmur,
650 1334 747 1433 quod
765 1360 842 1409 mea
859 1359 928 1433 que
937 1335 981 1408 sit
993 1336 1166 1411 sententia

312 1451 986 1555 omniinreplanenoscis,tuamveronisi
997 1454 1166 1549 perplexe

311 1584 349 1640 et
360 1567 521 1666 ambigua
534 1566 737 1641 circuitione
755 1566 906 1664 loquaris
923 1566 969 1642 de
988 1585 1049 1641 tuo
1065 1568 1165 1666 cupi-

312 1682 404 1773 dine,
415 1708 483 1756 non
502 1683 593 1782 potis
610 1708 684 1757 sum
698 1681 862 1772 eximere,
876 1706 920 1757 ex
934 1707 1006 1779 quo
1024 1706 1164 1757 causam

271 1797 448 1872 rolandum
463 1815 594 1872 tuarum
610 1796 818 1872 incidentem
833 1797 1002 1895 perlicere
1012 1822 1164 1895 nequem

312 1914 375 1987 sed
400 1938 585 2011 suspensus
612 1913 850 2011 imperfectam
877 1911 1033 2010 pendere
1050 1912 1165 1986 relim-

312 2054 395 2126 quo,
421 2028 537 2103 donec
558 2055 602 2103 ex
622 2047 655 2102 te
674 2029 826 2104 noverim
844 2029 1032 2103 veritatem.
1053 2028 1166 2101 Ortor

312 2145 428 2242 itaque
439 2163 485 2234 te,
499 2169 543 2218 ne
552 2169 661 2242 opera
671 2160 786 2218 nostra
798 2144 980 2218 semitexta
993 2161 1166 2232 maneant,

313 2287 400 2335 neve
423 2278 457 2334 te
480 2261 626 2335 vellante
652 2259 828 2334 veritatem
850 2257 1038 2334 scribendo
1050 2258 1166 2357 segni-

272 2410 296 2461 n
313 2400 419 2467 scam,
436 2394 471 2449 ut
487 2375 551 2450 soli
570 2376 650 2449 milti
669 2394 729 2449 tuo
746 2374 934 2449 studiorum
944 2375 1166 2448 archanoso·

314 2493 381 2567 dali
391 2510 511 2590 aperte
521 2491 676 2590 detegas,
687 2516 790 2589 quem
800 2509 861 2564 tuo
872 2489 1036 2564 incendas
1044 2516 1166 2565 amore

314 2608 481 2705 cuiusque
497 2607 575 2706 igne
589 2605 931 2681 inflameristmatrix.
945 2608 1027 2679 Non
1038 2606 1167 2680 sufficit

315 2724 417 2815 enim,
428 2741 464 2798 ut
473 2724 612 2798 credam
626 2723 723 2820 quod
732 2721 856 2820 frigido
866 2721 984 2797 cinere
998 2722 1081 2795 lullii
1091 2723 1166 2796 Ce-

314 2840 397 2915 saris
423 2840 534 2938 possis
559 2840 781 2929 incalescere,
800 2837 954 2936 quamvis
970 2837 1086 2912 adhuc
1103 2864 1166 2913 sue

272 2993 302 3029 ιο
316 2956 458 3054 reliquie
476 2980 594 3030 sensus
604 2954 746 3045 sument,
757 2978 826 3051 que
835 2972 949 3028 tamen
967 2954 1031 3029 etsi
1050 2954 1083 3026 in
1092 2979 1166 3029 am-

316 3074 436 3171 plexus
453 3071 818 3168 comprhensesorent,
836 3071 930 3143 nullo
947 3072 1065 3145 calore
1082 3095 1165 3168 pos·

315 3204 391 3262 sent
409 3187 590 3261 refervere.
608 3188 736 3260 Verum
750 3187 819 3259 lroc
837 3184 869 3258 in
888 3203 923 3258 te
941 3184 1087 3259 futurum
1105 3212 1166 3260 ve-

316 3328 406 3392 reor,
417 3301 488 3376 utsi
498 3303 649 3376 vivorum
658 3326 795 3377 amores
805 3300 980 3375 hominum
990 3302 1166 3392 attonem,

211 3428 213 3433 '
316 3419 457 3515 vestigia
466 3420 570 3493 Galle
581 3419 729 3492 Reatine
739 3416 885 3491 mulieris
895 3416 1167 3515 sequareCuius

275 3579 302 3627 ,ς
318 3551 352 3607 ut
379 3534 482 3607 instar
503 3533 592 3607 sorte
610 3534 681 3623 fias,
700 3534 801 3606 vitam
819 3534 893 3607 eius
911 3558 1012 3631 quam
1031 3533 1063 3604 in
1082 3530 1166 3632 dya-
