2850 4694
660 559 748 601 xxxn

276 709 427 808 denique
450 727 576 807 praeter
593 710 729 784 liventia
746 712 841 784 labra
859 709 970 783 decor
989 713 1074 783 ullus
1094 712 1125 782 in

275 850 347 899 ore.
377 828 458 898 Non
484 843 538 899 est
555 825 693 924 insuper
709 826 736 898 si
754 843 886 922 tergum
905 841 1024 915 vertat,
1043 825 1127 898 levis

276 958 312 1016 et
346 941 450 1015 nitida
483 942 599 1015 cervix
633 966 700 1015 nec
734 943 886 1015 eburnea
920 944 1021 1031 colla,
1058 967 1126 1014 non

276 1072 329 1130 est
354 1081 436 1130 caro
462 1073 591 1148 tenera,
609 1056 672 1131 sed
691 1057 820 1131 macies
837 1081 974 1130 exesa.»
998 1058 1126 1154 Neque

276 1196 402 1270 corpus
428 1189 568 1263 tantum,
594 1173 725 1246 animus
742 1198 885 1270 quoque
903 1175 1089 1246 Zeneverae
1107 1198 1128 1246 a

276 1286 452 1362 doloribus
494 1287 697 1386 quibusdam
740 1289 798 1385 qui
838 1288 933 1361 nimis
980 1305 1073 1361 tecte
1107 1315 1128 1362 a

278 1403 821 1501 Damianosignihcanturmisere
831 1406 1027 1494 vexabatur,
1039 1430 1127 1501 quos

277 1519 356 1591 nihil
375 1519 480 1593 lenire
502 1520 613 1617 potuit
631 1519 692 1593 nisi
710 1518 821 1593 dulcis
834 1523 959 1618 puellae
972 1519 1125 1617 garritus,

277 1635 405 1732 quique
418 1650 455 1708 ut
469 1634 558 1708 haud
573 1636 618 1708 ita
633 1637 740 1708 multo
754 1652 832 1733 post
846 1635 965 1708 litteris
986 1636 1127 1708 omnino

274 1749 484 1824 valediceret
508 1775 584 1824 eam
603 1751 812 1849 compulisse
829 1750 994 1824 videntur.
1016 1748 1125 1851 Quod

274 1867 335 1940 nisi
362 1866 513 1958 lecisset,
539 1867 594 1939 vix
617 1867 781 1941 minorem
801 1892 903 1963 quam
922 1868 1012 1939 lsota
1029 1891 1126 1939 soror

274 1981 409 2056 laudem
424 1981 515 2081 apud
529 1998 690 2081 posteros
703 1999 893 2056 consecuta
906 1999 998 2054 esset
1010 2008 1123 2078 neque

273 2098 454 2186 evenisset,
475 2115 511 2171 ut
532 2098 564 2170 in
592 2097 762 2172 tabulariis
788 2114 824 2170 et
842 2097 1070 2187 bibliothecis,
1091 2097 1123 2169 in

272 2212 1124 2311 quibusceteroquinhuiusgenerisscriptoresvix

274 2328 1123 2427 quisquamquaerat,licetsummumstudiumhuic

274 2444 322 2518 rei
346 2443 612 2542 impenderimus
628 2443 682 2515 vix
701 2459 770 2516 tres
787 2459 990 2541 quattuorve
1012 2445 1122 2516 Zene-

272 2585 363 2634 verae
377 2559 499 2633 litterae
510 2568 538 2620 ⁵0
551 2557 692 2657 reperiri
710 2575 861 2655 possent.
879 2561 1122 2655 Fragmentum

273 2675 431 2774 epistolae
448 2675 492 2748 ad
511 2677 673 2749 loannem
694 2675 900 2772 papiensem
920 2677 1121 2771 theologum

271 2791 410 2888 scriptae
421 2792 576 2864 Mantuae
595 2790 628 2862 in
648 2790 866 2863 Bibliotheca
880 2789 1121 2864 Marchionum

272 2905 434 3003 Capilupi
453 2922 653 2996 asservatur,
680 2906 860 3003 epistolam
887 2905 931 2979 ad
958 2906 1120 2978 lacobum

273 3023 459 3094 Foscarum
503 3020 548 3094 de
591 3020 746 3094 laudibus
788 3023 972 3094 litterarum
1007 3020 1121 3094 datam

272 3136 417 3210 Londini
436 3135 522 3209 inter
539 3134 684 3210 codices
704 3136 920 3226 Harleianos,
940 3137 1035 3210 binas
1049 3152 1121 3209 tan-

271 3250 350 3325 dem
376 3252 503 3326 litteras
520 3251 563 3325 ad
584 3252 789 3325 Damianum
811 3255 959 3349 Burgum
978 3252 1122 3349 scriptas

271 3367 375 3465 ipsius
399 3368 586 3442 Zeneverae
612 3392 711 3442 manu
730 3384 885 3441 exaratas
903 3367 935 3439 in
954 3367 1121 3441 tabulario

271 3482 428 3558 Civitatis
454 3486 604 3558 Veronae
630 3482 854 3583 repperimus,
882 3483 1006 3583 quibus
1023 3501 1120 3557 recte
