2850 4694
721 550 761 623 64

315 718 394 792 leci.
425 719 573 793 Mirifice
600 721 761 817 prolecto
784 721 983 816 intellegunt
999 738 1036 794 et
1052 722 1166 795 varios

313 852 473 909 auctores
483 851 611 910 tenent.
620 837 753 909 Textus
764 837 861 910 huius
871 836 1164 933 interpretantem,

313 950 547 1025 memorandae
573 951 732 1025 novitatis
755 952 1016 1050 participantem
1034 976 1076 1026 ac
1095 979 1164 1026 non

313 1067 465 1164 ignarum
492 1084 526 1141 te
544 1092 622 1141 esse
639 1068 741 1141 volui.
771 1069 870 1168 Quid
888 1067 1018 1157 dicent,
1038 1067 1165 1163 quidve

288 1181 441 1263 §sacient
470 1182 717 1257 adulescentuli
740 1184 851 1257 aetatis
870 1200 1007 1271 nostrae,
1026 1183 1083 1280 qui
1104 1209 1166 1281 per

313 1297 509 1373 socordiam
548 1315 683 1394 tempus
714 1314 827 1371 terunt
858 1322 923 1371 nec
962 1299 1063 1371 ullam
1103 1324 1166 1396 per

313 1411 961 1509 industriamsuamexornantingenia?
981 1415 1073 1486 Num
1093 1440 1165 1487 me·

312 1530 378 1603 rito
405 1529 486 1603 illud
512 1529 670 1604 audient:
699 1531 771 1602 Vos
788 1529 916 1602 etenim
935 1528 1074 1602 iuvenes
1091 1530 1165 1602 ani-

314 1672 404 1720 mum
429 1646 550 1744 geritis'
574 1645 774 1719 muliebrem
802 1645 927 1742 illaque
955 1644 1052 1741 virgo
1077 1645 1165 1718 viri?

271 1789 300 1825 ro
313 1764 410 1849 Vale,
438 1761 481 1833 mi
509 1787 580 1848 rex,
607 1760 776 1857 salutique
795 1777 874 1849 tuae,
893 1785 973 1857 quae
994 1777 1031 1833 et
1048 1778 1166 1834 nostra

313 1895 376 1957 est.
404 1878 563 1950 consulas
580 1875 762 1973 diligenter
779 1897 852 1947 oro.
882 1875 999 1948 lllustri
1016 1877 1165 1972 genitori

314 2010 374 2066 tuo
391 2010 427 2066 et
452 1991 595 2066 domino
621 2016 701 2066 meo
726 1991 885 2088 singulari
913 2016 968 2064 me
995 1991 1166 2066 humiliter

313 2108 531 2182 commenda

363 2226 413 2297 Ex
438 2225 525 2297 valle
553 2223 722 2297 Policella
739 2224 779 2294 V.
801 2221 878 2296 ldus
897 2223 1031 2296 Octob.
1059 2228 1161 2319 1436.

359 2459 393 2524 (4)
411 2470 436 2510 te
453 2475 499 2510 om.
518 2462 548 2515 C.
566 2461 624 2510 odd.
639 2461 776 2511 Sabbadr'm'.
811 2462 845 2523 (ς)
867 2461 959 2510 faciunt
977 2462 1007 2515 Q
1026 2475 1083 2510 corr.
1104 2463 1164 2512 Sua

312 2539 401 2589 bodini.
435 2540 621 2590 aduluscentuli
639 2541 668 2590 C.
704 2544 751 2603 (14)
772 2541 858 2590 ldibus
874 2541 904 2597 C.
923 2540 1129 2590 comstzbbauini,
