2850 4694
711 574 767 618 212

311 729 471 803 occurrit.
487 728 556 802 Sed
575 728 681 826 magis
699 725 886 801 dolendum
900 739 953 798 est
964 748 1027 797 eos
1037 721 1167 796 diutius

311 844 344 916 in
374 846 443 917 hoc
474 844 699 917 tabernaculo
729 840 848 915 mortis
878 839 1043 913 habiture.
1080 837 1166 912 Noli

311 985 429 1034 eorum
455 976 583 1033 sortem
610 946 730 1032 dolere
756 972 793 1030 et
818 955 933 1029 mundi
952 954 1167 1029 calamitates

312 1075 514 1174 relinquere.
554 1077 609 1165 At,
636 1073 781 1171 inquies,
808 1071 925 1169 cogita
950 1094 1006 1143 me
1030 1086 1166 1168 patrem

285 1206 348 1276 set
373 1190 509 1264 fratrem
535 1215 623 1264 esse.
651 1193 779 1263 Verum
806 1212 885 1261 cum
904 1185 1023 1284 cogito
1041 1201 1076 1259 te
1095 1187 1167 1259 hoc

312 1309 440 1406 lugere,
468 1331 536 1378 non
559 1306 730 1403 prohibeo
748 1303 906 1392 lacrimis,
926 1301 1083 1402 ignosco,
1102 1299 1167 1374 sed

313 1446 431 1518 quaere
445 1421 584 1494 modum
603 1420 636 1492 in
653 1419 777 1493 dolore
795 1435 831 1492 et
849 1415 1024 1516 (repetens
1042 1416 1165 1489 iterum

313 1536 505 1635 iterumque
531 1534 669 1631 moneo)
697 1561 740 1608 ne
767 1551 801 1608 te
826 1533 1004 1608 doloribus
1030 1532 1167 1607 crucies

314 1669 419 1751 teque
428 1652 532 1725 virum
547 1676 625 1725 esse
635 1649 837 1724 memineris.
855 1650 897 1721 Et
905 1648 965 1721 tibi
975 1646 1104 1721 tuenda
1113 1664 1168 1722 est

271 1796 301 1834 to
313 1767 458 1864 gravitas
467 1782 504 1840 et
520 1765 724 1840 constantite
741 1763 976 1851 serviendum;
996 1762 1055 1835 tibi
1074 1761 1167 1836 enim

315 1900 414 1980 turpe
455 1901 507 1956 est
549 1884 640 1955 hunc
674 1905 893 1954 communem
929 1877 1169 1976 incertumque

315 2023 431 2072 casum
457 2022 559 2095 quem
586 1997 733 2095 quisque
761 2011 911 2069 nostrum
939 1996 1032 2067 nullo
1059 1994 1167 2069 modo

315 2113 420 2186 vitare
450 2129 565 2211 potest
594 2112 767 2209 sapienter
793 2136 860 2183 non
892 2110 991 2183 serre.
1036 2111 1169 2207 Cogita

315 2230 446 2327 optime
456 2253 533 2302 cum
557 2228 608 2302 his
626 2245 740 2303 actum
758 2252 836 2300 esse
854 2227 912 2325 qui
932 2242 1076 2299 mortem
1097 2228 1169 2300 hoc

273 2371 299 2419 ις
317 2363 474 2443 tempore
492 2369 570 2417 cum
589 2344 657 2418 vitu
674 2360 937 2432 commutarunt,
952 2342 1071 2440 cogita
1086 2342 1168 2415 nihil

317 2461 395 2535 novi
418 2460 477 2534 tibi
492 2460 673 2550 accidisse,
688 2460 803 2558 cogita
818 2484 880 2534 nos
893 2483 936 2533 ea
953 2458 1168 2547 conditione,

317 2576 474 2674 ut-inquit
490 2576 633 2667 Cicer0,
648 2592 747 2650 natos
763 2601 852 2663 esse,
863 2591 899 2647 ut
915 2575 1074 2648 omnibus
1093 2574 1169 2649 telis

317 2693 463 2767 sortunae
476 2692 663 2789 praepositn
674 2692 718 2765 sit
726 2691 794 2764 vita
804 2706 928 2780 nostra,
941 2713 1054 2787 neque
1068 2714 1169 2763 recu-

316 2808 458 2884 sandum
476 2832 565 2898 esse,
592 2807 774 2904 quominus
799 2831 843 2880 eu
868 2831 936 2906 qua
954 2806 1022 2881 nuti
1052 2831 1170 2881 sumus

362 3048 396 3113 (ι)
423 3062 528 3113 mugnus
544 3050 576 3098 R.
616 3049 729 3098 dolendo
744 3051 773 3106 A,
792 3048 884 3097 dolens
900 3049 931 3097 R.
965 3045 1067 3096 divitius
1084 3045 1116 3095 R.
1133 3044 1170 3108 (2)

318 3118 341 3178 iri
359 3131 406 3180 huc
419 3130 583 3178 tabernacula
599 3130 630 3178 R.
665 3127 699 3190 (ς)
717 3129 752 3189 et]
771 3136 798 3177 ut
815 3129 846 3177 R.
880 3127 914 3190 (4)
932 3128 964 3176 At
981 3126 1083 3175 diceres
1100 3138 1123 3174 c.
1135 3124 1167 3173 R.

319 3211 353 3271 (ς)
371 3212 462 3260 nocte
478 3212 507 3258 Α.
541 3208 576 3271 (ὁ)
589 3209 714 3259 lachrimis
726 3209 757 3257 R.
792 3208 897 3272 ignosce
909 3209 941 3257 R.
975 3207 1009 3269 (7)
1028 3213 1169 3268 reppentes

318 3289 373 3349 (om.
401 3290 502 3350 iterum)
528 3290 559 3338 R.
594 3287 628 3351 (8)
652 3288 766 3337 monebo
789 3290 817 3336 Α.
852 3295 938 3336 teum
957 3288 988 3336 R.
1022 3286 1119 3336 cruties
1134 3287 1167 3335 R.

319 3369 352 3431 (9)
378 3370 469 3418 Etom.
488 3370 519 3418 R.
555 3368 603 3430 (rt)
629 3381 763 3417 comunem
780 3369 812 3417 R.
853 3366 902 3430 (ιι)
920 3369 989 3416 nullo
1004 3374 1117 3417 nostrum
1135 3366 1167 3414 R.

319 3449 368 3512 (14)
386 3450 581 3499 cumisuctum
599 3457 638 3497 est
661 3450 693 3497 R.
727 3447 777 3509 (πό)
794 3448 958 3498 condictione
974 3450 1003 3496 Α.
1037 3448 1086 3509 (17)
1102 3447 1170 3498 tellis

319 3530 371 3580 AR.
406 3529 454 3592 (ιθ.
476 3530 512 3589 ¹9)
529 3528 700 3579 accusandum
717 3530 744 3578 A.
