2850 4694
505 899 576 972 Vll.

266 1208 398 1271 (Veronae,
416 1221 504 1257 mense
521 1209 585 1257 lulio
599 1221 622 1256 a.
642 1219 700 1267 1⁴³⁷
717 1206 825 1269 [¹⁴³⁶?])

119 1488 209 1560 Isota
223 1485 394 1584 Nogarolo
406 1484 589 1559 doctissimo
602 1484 667 1557 viro
680 1484 810 1558 domino
828 1484 972 1581 Georgio

315 1600 498 1700 Biviloquoe
514 1600 649 1674 salutem
666 1599 750 1673 deit.

131 1903 432 2053 :9131511111
464 1909 534 2001 diu,
566 1909 702 2007 Georgi
731 1908 972 2004 amantissime,
1006 1939 1015 1991 s

129 2053 157 2129 »ε
188 2104 214 2181 s
239 1996 290 2158 a}
324 2051 380 2099 me
405 2050 427 2099 a
452 2042 488 2098 te
514 2026 738 2098 vehementer
754 2024 858 2098 amari
876 2025 975 2098 intel-

151 2152 157 2177 ,
183 2134 186 2147 r
242 2144 251 2160 t

225 2164 289 2233 „rr
324 2142 488 2230 lexeram‚
519 2156 633 2214 tamen
669 2140 799 2214 cotidie
835 2140 869 2213 id
904 2165 975 2213 ma·

122 2259 175 2356 gis
192 2257 378 2357 perspicio,
397 2256 559 2353 quoniam
570 2255 602 2327 in
621 2255 768 2353 epistola
785 2272 853 2346 tua,
872 2280 974 2353 quam

123 2391 206 2448 ate
240 2373 375 2470 accepi,
407 2388 535 2445 tantum
566 2373 736 2444 cumulum
767 2373 977 2445 benevolen-

125 2490 182 2563 tiae
212 2489 315 2564 fuisse
345 2487 591 2578 animadverto,
627 2503 664 2560 ut
693 2486 832 2560 mirarer
860 2489 975 2560 locum
993 2516 1023 2553 ιο

125 2629 202 2678 esse
232 2603 380 2702 augendi
415 2604 448 2676 in
478 2630 534 2677 eo.
567 2601 699 2676 Etenim
731 2626 809 2675 cum
840 2626 976 2675 mecum

126 2719 314 2818 cogitarem
356 2736 390 2792 te
428 2719 485 2793 tali
515 2716 683 2816 sapientia
716 2717 898 2815 praeditum
933 2717 977 2791 ad

171 3003 281 3050 Alteram
290 3000 464 3063 praecedentis
472 3000 590 3062 epistolae
600 2999 785 3059 recensionem,
796 3012 856 3060 quoe
870 2999 979 3047 sortasse

127 3082 268 3130 Zeneveroe
281 3094 330 3129 non
344 3082 420 3128 lsotre
432 3079 541 3140 epistola
552 3078 670 3127 habenda
681 3086 728 3138 est,
748 3077 840 3127 Codex
847 3077 979 3126 Vindobo

128 3162 212 3209 nensis
230 3174 266 3208 nr.
288 3173 346 3219 3494
364 3159 417 3223 (iol.
436 3157 492 3221 aab)
507 3156 552 3221 (C)
568 3161 639 3206 solus
656 3158 730 3207 nobis
750 3158 867 3205 servavit.
888 3158 979 3217 inquo

128 3240 269 3303 epistolam,
288 3252 347 3300 quae
362 3239 385 3285 in
398 3240 445 3286 hac
456 3236 570 3286 editione
583 3246 700 3286 octavum
713 3239 797 3285 locum
806 3236 913 3295 obtinet,
925 3237 980 3284 haec

128 3320 279 3383 praecedunt
296 3319 393 3367 verbs:
411 3320 559 3378 Sequuntur
574 3318 659 3378 alique
677 3318 787 3379 epistole
805 3318 900 3365 illarum
917 3330 981 3379 poe-

127 3408 208 3448 tarum
225 3412 289 3460 quas
306 3399 425 3459 quoniam
443 3405 529 3446 nostra
543 3405 612 3445 etate
625 3397 648 3444 in
661 3397 759 3445 seminis
771 3410 829 3445 raro
841 3396 986 3445 doctrinam*

128 3493 185 3529 cum
200 3479 349 3540 eloquentia
371 3479 511 3526 invenimus
527 3491 660 3540 apponere
676 3477 788 3526 studium
804 3486 854 3524 tam
871 3476 981 3525 habendi

130 3576 204 3623 quam
232 3561 362 3609 scribendi
398 3560 517 3609 constitui
545 3574 576 3607 ex
604 3560 664 3621 ipsis
692 3558 856 3621 originalibus
883 3570 979 3606 earum.
