2850 4694
560 583 594 663 6³

151 782 242 829 mum
270 771 333 841 est,
354 755 380 828 si
402 755 491 828 sorte
510 780 574 852 per
595 770 723 828 tantum
743 757 897 829 locorum
917 773 1007 830 trac·

150 888 221 944 tum
240 888 276 945 et
303 872 372 944 hoc
399 871 566 968 temporis
585 871 795 945 intervallum
814 897 869 945 me
886 874 931 945 ab
949 887 1006 946 tua

150 1004 266 1061 mente
296 985 453 1059 deletura
483 1002 576 1060 esset
605 985 754 1077 oblivio,
785 1013 840 1061 me
869 1003 930 1061 tuo
960 1014 1005 1062 ex

148 1101 265 1176 animo
292 1100 397 1175 dilabi
425 1102 503 1175 haec
534 1101 796 1199 qualiscumque
827 1128 895 1177 non
925 1103 1005 1178 sinit

150 1217 307 1316 epistula.
1035 1245 1045 1300 ς

200 1335 327 1408 Verum
354 1333 445 1407 enim
471 1357 555 1407 vero
580 1357 659 1406 cum
678 1349 770 1407 tuam
788 1332 832 1407 ad
851 1358 1003 1431 praesen-

150 1449 230 1523 tiam
261 1451 336 1524 sola
366 1448 540 1545 proficisci
570 1465 739 1538 vereatur,
767 1448 902 1545 aliquos
932 1449 1003 1546 agri

150 1564 256 1638 nostri
283 1563 412 1637 fruetus
435 1564 532 1662 quasi
546 1563 693 1636 comites
711 1561 898 1659 adiungere
916 1588 1002 1637 con·

149 1680 263 1753 stituo.
291 1679 350 1754 Sic
375 1679 466 1752 enim
493 1695 529 1752 et
554 1677 698 1752 deorum
722 1680 851 1776 templa
868 1678 1001 1754 refertis

149 1796 263 1869 solent
304 1793 400 1868 adire
434 1794 599 1868 manibus.
645 1792 797 1894 Quinam
832 1794 933 1891 igitur
966 1795 999 1867 hi
1017 1826 1047 1863 ιο

151 1911 280 1984 lructus
311 1913 434 1985 erunt?
471 1912 563 1983 Num
595 1937 682 2001 uvae,
713 1937 792 1983 num
815 1910 883 2001 lici,
915 1936 1000 2008 quas

149 2026 319 2101 fructuum
350 2027 485 2122 reginas
519 2051 596 2101 esse
632 2027 786 2101 Graeciae
816 2027 1000 2125 proverbia

148 2143 360 2216 decantant?
388 2143 481 2214 Num
505 2142 636 2231 tubera,
656 2166 734 2215 num
753 2141 867 2215 eximii
886 2141 999 2217 cuius·

147 2256 239 2355 piam
273 2257 406 2356 saporis
440 2262 568 2354 poma?
605 2257 750 2331 Minime
784 2281 885 2343 sane;
920 2275 999 2332 sunt
1078 2286 1080 2291 ⁴

147 2397 295 2469 namque
321 2372 533 2470 corruptioni
556 2397 694 2469 prorsus
711 2372 864 2447 obnoxia
881 2388 916 2446 et
932 2373 996 2447 soli
1014 2401 1039 2455 ις

147 2490 263 2585 palato
294 2488 453 2563 iucunda.
486 2493 531 2561 m
560 2489 698 2563 alterius
727 2489 864 2586 generis
889 2489 997 2564 admi·

146 2603 253 2678 tanda
282 2603 422 2702 quidem
453 2621 489 2678 et
515 2606 581 2678 hac
609 2621 714 2679 aetate
740 2629 889 2703 perrara,
916 2632 996 2703 quae

144 2743 245 2795 aures
274 2736 419 2818 pascant
447 2719 650 2820 animosque
680 2719 867 2795 delectent.
911 2722 996 2794 Sunt

144 2859 293 2933 namque
320 2835 444 2933 ingenii
473 2836 601 2910 lructus
626 2852 662 2910 et
687 2834 887 2926 studiorum,
906 2861 995 2932 quos

144 2975 165 3026 e
191 2950 324 3026 duabus
351 2968 477 3026 nostrae
503 2951 649 3025 civitatis
674 2951 859 3048 uirginibus
885 2953 995 3049 pullu·
1009 2979 1040 3016 20
1085 2994 1087 2998 <

143 3070 252 3143 lantes
282 3067 420 3164 collegi,
447 3069 618 3141 collectos
644 3067 688 3141 ad
719 3082 810 3141 tuam
841 3067 994 3164 magnifi-

143 3183 292 3258 centiam
311 3183 396 3257 misi.

191 3298 335 3374 Videbis
359 3323 539 3396 germanas
565 3298 650 3372 duas
667 3299 829 3396 epistulas
847 3299 892 3372 ab
909 3297 993 3372 dua-

143 3416 207 3490 bus
222 3439 394 3513 generosa
410 3414 517 3512 stirpe
535 3413 660 3489 creatis
677 3413 852 3488 sororibus
869 3413 991 3505 editas,

143 3529 176 3605 in
204 3528 327 3629 quibus
349 3529 394 3606 de
412 3529 532 3606 studiis
548 3547 584 3603 et
602 3530 784 3628 disciplina
801 3531 990 3628 periculum
1006 3557 1033 3610 25
