2850 4694
548 598 584 665 59

187 754 222 826 O
242 753 388 827 civitatis
407 754 512 828 immo
529 771 565 827 et
582 755 692 828 aetatis
712 771 839 828 nostrae
856 753 982 827 decus!

138 871 173 942 O
210 894 284 943 rara
317 870 388 943 avis
423 872 455 942 in
491 871 588 943 terris
619 870 788 968 nigroque
817 870 986 943 simillima

136 987 265 1084 cycno!
286 986 320 1059 si
335 987 514 1083 superiora
527 988 655 1060 saecula
669 988 773 1060 hasce
787 985 985 1083 probandas

136 1118 312 1175 creassent
338 1102 497 1198 virgines,
524 1102 659 1201 quantis
685 1103 839 1176 versibus
856 1101 985 1176 decan·

135 1235 228 1309 tatae,
247 1236 392 1317 quantas
415 1219 522 1293 modo
548 1245 615 1292 non
635 1218 790 1315 malignis
807 1218 985 1316 scriptori·
1017 1247 1026 1300 t

135 1335 198 1408 bus
224 1334 343 1408 laudes
381 1352 550 1409 assecutae
576 1335 818 1408 immortalitati
850 1333 984 1408 traditae

136 1450 294 1525 luissentl
341 1454 545 1548 Penelopen
584 1452 665 1547 quia
698 1451 829 1547 optime
864 1451 983 1540 texuit,

134 1570 290 1640 Aracnen
319 1569 400 1666 quia
425 1567 623 1641 tenuissima
649 1567 705 1639 fila
730 1564 885 1657 deduxit,
913 1567 985 1638 Ca-

136 1684 259 1757 millam
270 1700 305 1757 et
318 1682 984 1782 Penthesileamquiabellatriceserant,

135 1816 314 1895 poetarum
336 1800 544 1879 carminibus
562 1815 783 1874 consecratas
802 1798 982 1872 cernimus.
1001 1826 1030 1862 10

138 1917 211 1989 llas
238 1933 306 1990 tam
324 1915 499 2014 praeditas,
518 1932 586 1989 tam
603 1940 802 2012 generosas,
821 1931 888 1988 tam
906 1939 984 1987 eru-

134 2028 234 2121 ditas,
260 2047 328 2105 tarn
346 2034 552 2130 eloquentes
571 2056 639 2105 non
658 2033 825 2121 colerent,
844 2029 877 2102 in
895 2046 992 2103 astra-

134 2144 290 2219 laudibus
317 2172 385 2220 non
411 2149 629 2237 extollerent,
652 2172 721 2219 non
739 2148 783 2220 ab
800 2144 984 2219 oblivionis

135 2261 304 2337 morsibus
323 2263 442 2361 quavis
460 2264 593 2337 ratione
611 2262 826 2336 vindicarent
842 2278 879 2335 et
895 2286 984 2334 sem-

134 2377 271 2474 piterno
288 2377 458 2452 donarent
474 2383 576 2452 aevo?
1000 2404 1025 2456 ¹5

183 2494 303 2567 Solent
320 2495 482 2584 nonnulli,
501 2493 597 2568 docti
616 2518 698 2568 sane
717 2493 884 2583 homines,
899 2518 985 2566 con·

135 2610 280 2684 terranei
309 2598 382 2684 ‘mei
418 2611 450 2683 in
485 2610 740 2685 collaudatione
758 2609 985 2683 -Veronensis

134 2726 206 2823 agri
224 2727 445 2802 conficienda
461 2728 575 2824 sruges
592 2729 751 2825 optimas,
766 2752 870 2824 poma
883 2751 1000 2824 sapo,

135 2844 179 2917 ris
209 2843 350 2941 egregii,
381 2845 526 2919 eximios
556 2846 622 2918 vini
653 2862 689 2918 et
714 2845 794 2918 olivi
819 2844 984 2942 liquores,

135 2959 357 3055 piscationes,
368 2962 580 3050 venationes,
590 2960 749 3056 aucupia,
759 2961 838 3032 laeta
847 2959 984 3055 pabula,
999 2984 1029 3018 20

135 3078 244 3150 colles
273 3077 412 3174 apricos
442 3093 630 3174 ceteraque
660 3073 865 3173 praedicare,
905 3097 984 3170 quae

135 3206 249 3265 tamen
276 3192 388 3266 multis
410 3192 550 3266 urbibus
567 3192 764 3265 communia
780 3207 867 3264 sunt.
895 3190 984 3261 Tam

182 3479 216 3542 (ι)
233 3493 297 3529 ecus
314 3479 364 3543 (sic)
382 3483 457 3530 textus
473 3480 555 3529 editus.
591 3480 639 3543 (η)
652 3481 803 3529 mirarentur
817 3483 843 3528 ut
853 3479 944 3529 videtur
952 3478 982 3538 C,

134 3571 192 3607 corr.
212 3559 350 3608 Sabbodiui.
