2850 4694
715 598 773 656 ²⁰4

316 749 395 825 fidei
413 768 448 824 et
467 750 647 847 integritati
666 755 755 825 salus
774 770 830 826 tua
848 752 1032 826 commissa
1048 770 1111 839 est,
1129 769 1166 825 et

314 866 361 940 ita
393 866 577 941 commissa
610 885 673 957 est,
710 885 745 941 ut
771 868 981 943 Veronensis
1019 868 1166 965 populus

315 983 403 1055 hanc
417 998 508 1055 tuam
527 981 726 1080 dignitatem
745 1007 814 1055 non
832 983 941 1056 solum
961 981 1032 1070 tibi,
1050 980 1112 1055 sad
1130 999 1168 1055 et

313 1096 377 1170 sibi
406 1097 648 1194 sempiternam
670 1114 805 1194 optare,
831 1098 933 1171 deum
961 1097 1093 1194 precari
1123 1121 1166 1171 ac

289 1212 425 1310 slongis
450 1236 550 1285 orare
575 1212 663 1286 votis
689 1212 827 1286 debeat.
859 1212 996 1285 Omitto
1022 1212 1167 1310 plurima

314 1352 395 1425 quae
420 1328 453 1401 in
480 1328 615 1402 laudem
642 1329 798 1402 virtutum
826 1347 957 1402 tuarum
989 1330 1166 1402 hocloco

315 1443 394 1519 mihi
421 1442 570 1518 dicenda
586 1461 778 1541 supersunt,
796 1468 961 1517 summum
982 1443 1165 1541 ingenium,

314 1559 530 1657 plurimarum
565 1585 676 1633 rerum
713 1585 807 1633 usum
842 1578 878 1632 et
903 1559 1163 1656 experientiam,

314 1674 569 1764 humanitatem,
602 1675 813 1765 comitatem,
848 1674 880 1746 in
915 1675 1042 1748 doctos
1075 1674 1166 1748 viros

272 1812 302 1851 ¹0
313 1813 465 1863 amorem
499 1809 536 1863 et
565 1789 842 1879 benivolentiam,
873 1790 1014 1887 quando
1050 1815 1165 1886 neque

314 1905 370 1978 hic
387 1905 624 1978 commorandi
638 1907 736 1979 locus
749 1922 802 1978 est
817 1930 931 2002 neque
945 1929 1057 1978 meum
1072 1904 1166 1978 insti·

312 2036 433 2109 tutum,
460 2045 546 2093 neve
573 2022 641 2093 hoc
666 2020 839 2094 scribendi
859 2046 978 2094 munus
1000 2020 1161 2093 adulandi

313 2159 417 2212 causa
442 2135 635 2233 suscepisse
661 2136 778 2209 videar
803 2154 839 2209 et
855 2135 951 2233 quod
971 2136 1002 2207 in
1021 2135 1093 2208 aliis
1111 2160 1165 2208 re

312 2250 595 2348 prehendendum
614 2250 730 2323 censui
746 2251 820 2349 ipsa
837 2251 1060 2340 committam,
1076 2275 1165 2324 neve

272 2390 298 2442 ¹5
312 2368 447 2464 garrula
472 2366 696 2464 muliebrique
717 2366 831 2463 lingua
848 2367 1006 2463 epistolae
1024 2365 1165 2437 modum

312 2480 494 2570 excedam,
517 2481 693 2578 praecipue
723 2505 801 2555 cum
833 2506 901 2554 non
932 2482 1085 2580 ignorem
1116 2482 1166 2553 ni-

313 2596 414 2670 miam
445 2597 477 2669 in
505 2597 654 2671 soeminis
679 2598 924 2695 loquacitatem
943 2622 965 2671 a
981 2597 1167 2671 maioribus

314 2711 436 2785 nostris
462 2712 633 2786 detestari.
662 2712 781 2786 Finem
808 2712 907 2810 igitur
929 2712 1009 2786 mihi
1029 2713 1166 2803 faciam,

359 2992 393 3056 (1)
418 2995 453 3056 et]
477 3007 508 3044 ac
534 2995 597 3052 GM,
622 3008 692 3044 omm.
719 2996 771 3044 BV.
806 2995 944 3058 integritas,
970 2997 1012 3045 cui
1037 2999 1104 3046 salus
1132 2997 1160 3044 Ε.

314 3079 357 3122 tua
380 3087 426 3122 om.
451 3075 481 3123 C.
515 3075 624 3123 comissa
644 3076 670 3124 V.
713 3074 745 3136 (1.
766 3075 788 3137 2)
817 3083 843 3122 et
861 3075 895 3122 ita
910 3088 933 3124 c.
950 3083 989 3123 est
1005 3088 1076 3124 amm.
1097 3076 1162 3126 GM.

315 3152 349 3216 (1)
373 3155 482 3203 comissa
501 3156 529 3202 V.
563 3154 597 3216 (J)
620 3163 659 3204 set
679 3156 706 3204 V·
741 3155 775 3218 (t)
791 3155 857 3204 votis
874 3169 950 3204 orare
968 3156 1001 3204 G.
1036 3156 1113 3205 deant
1132 3157 1161 3206 C

315 3233 349 3297 (ὁ)
375 3247 453 3295 quem
477 3237 493 3281 Ι.
523 3235 553 3283 C.
597 3235 631 3298 (7)
655 3249 754 3285 sumum
782 3237 809 3295 V.
852 3235 886 3298 (8)
912 3236 1112 3299 experigemiam
1128 3238 1162 3286 G.

316 3312 423 3376 (9)(111111.
434 3322 459 3361 et
476 3315 604 3363 ωηεν.
640 3315 688 3376 (ιο)
698 3316 821 3363 honorem
838 3324 863 3363 et
881 3316 909 3363 E.
944 3315 1044 3379 (10.11)
1062 3317 1103 3365 hic
1120 3330 1164 3365 ne·

314 3391 415 3451 queC.
449 3393 498 3456 (11)
515 3402 554 3441 est
570 3407 615 3442 om.
636 3394 665 3442 C.
700 3394 749 3456 (12)
766 3407 847 3456 genus
865 3395 898 3443 G.
933 3392 982 3455 (13)
1000 3408 1090 3443 caussa
1106 3396 1160 3442 EV.

315 3472 364 3534 (13-
387 3474 424 3536 14)
440 3473 495 3521 aliis
510 3486 613 3534 semper
629 3487 698 3534 repr.
718 3474 781 3523 GM.
816 3473 865 3537 (14)
883 3475 1010 3523 comittem
1028 3475 1161 3524 cmm.

316 3547 463 3613 (15Jgaruta
478 3550 531 3599 CV.
566 3551 615 3612 (18)
632 3552 724 3599 nostris
735 3565 804 3599 cmm.
824 3552 912 3602 CGM.
