2850 4694
534 597 589 676 ¹⁸9

130 767 271 842 bitatem
285 770 450 843 amamusi
472 770 563 841 Nam
578 785 705 843 tantum
721 794 816 843 meus
831 769 862 841 in
874 794 978 867 quos-

130 881 978 982 cumquedoctosinhorascrescitamor,quantum

130 1023 214 1073 vero
228 1024 320 1073 novo
336 997 452 1073 viridis
465 1024 504 1073 se
516 998 643 1073 subicit
655 1001 761 1073 alnus.
783 1001 911 1073 Nonne
929 1002 978 1073 le-

129 1114 240 1211 gimus
250 1115 282 1187 in
293 1114 465 1188 veteribus
474 1113 623 1188 historiis
634 1113 804 1211 quosdam
819 1116 978 1189 lustrasse

131 1229 979 1328 provinciasnovosadiissepopulos‚mariatrans-
1012 1261 1021 1311 s

132 1345 209 1435 isse,
246 1363 281 1418 ut
310 1370 373 1419 eos
406 1370 495 1444 quos
525 1345 618 1418 libris
661 1362 826 1418 noverant
860 1369 977 1419 coram

131 1486 272 1560 quoque
307 1465 585 1557 cognoscerent?
619 1459 672 1532 Ad
699 1461 816 1533 Titum
848 1459 979 1533 Livium

130 1578 246 1652 lacteo
270 1578 481 1676 eloquentiae
509 1575 603 1650 sonte
631 1593 822 1651 manantem
840 1575 886 1648 de
905 1576 980 1648 ulti-

132 1693 194 1767 mis
227 1693 407 1790 Hispaniae
437 1693 634 1791 Galliaeque
661 1691 782 1766 finibus
808 1689 977 1788 quosdam

131 1809 266 1882 venisse
291 1809 425 1883 nobiles
442 1809 585 1906 legimus
602 1826 638 1882 et
655 1832 745 1906 quos
760 1806 805 1880 ad
824 1824 979 1881 contem·
997 1837 1025 1874 ιο

132 1925 317 2021 piationem
356 1924 406 1999 sui
443 1926 557 1997 Roma
586 1949 655 1997 non
698 1939 847 1996 traxerat
882 1923 978 1996 unius

132 2039 277 2114 hominis
308 2039 398 2113 [ama
431 2039 600 2136 perduxit.
641 2039 772 2112 Habuit
806 2039 862 2111 iiia
894 2055 978 2112 aetas

132 2155 318 2229 inauditum
335 2154 493 2229 omnibus
511 2155 636 2228 seculis
663 2153 979 2251 celebrandumque

132 2270 341 2360 miraculum,
368 2289 403 2343 ut
430 2272 547 2344 urbem
570 2287 696 2344 tantam
728 2270 868 2366 ingressi
887 2268 978 2344 aliud

131 2404 228 2460 extra
258 2388 375 2460 urbem
406 2404 612 2485 quaererent.
655 2388 783 2459 Nonne
814 2385 888 2459 iilos
919 2386 976 2483 qui
997 2415 1021 2461 ις

131 2503 253 2575 virtute
279 2502 415 2600 praediti
441 2518 517 2577 sunt
540 2520 710 2601 tamquam
741 2501 875 2575 divinos
894 2501 981 2577 inter

130 2618 216 2692 alios
229 2617 621 2693 effloruissecernimus?
636 2620 730 2692 Cato
740 2618 845 2716 exilio
856 2616 980 2692 reduc-

132 2749 185 2807 tus
211 2733 352 2808 navibus
377 2733 542 2808 advectus
568 2758 646 2808 cum
679 2735 796 2808 urbem
828 2735 978 2825 intraret,

178 3025 212 3088 (ι)
229 3027 307 3076 cresit
331 3026 392 3076 CM.
435 3027 470 3090 (ς)
492 3027 600 3077 subiciat
624 3028 662 3086 Μ,
687 3027 788 3076 subiicit
814 3027 842 3074 V.
877 3028 979 3077 Numne

132 3107 221 3157 GMV.
272 3106 307 3170 (⁴)
333 3108 395 3170 hyst.
423 3108 453 3157 G
510 3107 635 3169 quosdam
659 3121 705 3157 om.
737 3109 764 3156 V.
809 3109 917 3157 iustrase
947 3108 978 3159 C.

131 3186 165 3249 (ς)
200 3187 286 3236 adisse
320 3188 353 3237 G.
415 3188 447 3250 (ς.
484 3190 508 3245 ό)
530 3187 692 3237 transiisse?
757 3186 791 3249 (6)
826 3188 914 3236 liberis
947 3188 977 3238 C.

131 3266 166 3328 (7)
189 3269 222 3316 At
247 3267 280 3316 G.
322 3267 354 3315 Τ.
379 3268 407 3316 Ι..
433 3267 486 3316 CV.
529 3266 563 3330 (8)
588 3275 703 3316 manante
728 3267 790 3326 CM,
816 3280 929 3316 manasse
950 3269 978 3316 V.

131 3346 166 3408 (9)
193 3347 265 3410 hysp.
293 3348 412 3410 galieque
437 3348 467 3398 C.
519 3346 631 3409 quodam
666 3349 699 3397 G.
749 3347 799 3410 (ιι)
824 3356 855 3396 tr.
890 3348 981 3397 hunius

135 3427 162 3474 V.
199 3425 249 3489 (12)
281 3428 321 3475 ilia
350 3428 438 3477 civitas
465 3427 494 3475 C.
547 3425 596 3489 (η)
621 3427 712 3476 orbem
739 3427 776 3476 Μ.
829 3427 922 3489 ingessi
951 3429 977 3475 V.

132 3505 181 3567 (16)
198 3506 307 3567 predicti
327 3508 354 3555 V.
388 3506 438 3568 (17)
457 3506 582 3556 carneo.
617 3505 731 3568 eCipro
741 3520 761 3554 r.
774 3507 801 3555 V.
836 3506 885 3569 (ιθ)
902 3506 979 3556 aduc·

132 3593 173 3634 tus
190 3586 219 3636 C.
