2850 4694
716 568 770 629 roo

316 736 369 798 Est
382 735 419 797 ad
433 753 499 797 eam
514 734 618 817 longua
632 747 789 817 rectusque
804 754 857 819 per
869 735 961 800 ardua
973 736 1052 799 callis

312 835 414 916 Asper,
433 845 464 896 et
477 834 617 917 imprimis
631 834 680 896 ubi
694 833 732 895 ad
746 834 803 896 alta
813 835 966 897 cacumina
974 845 1094 896 rentum
1105 846 1163 909 est,

315 930 416 993 Mollis
429 931 513 994 adest
525 949 603 1013 quae
616 932 675 993 visa
689 930 743 994 luit
756 930 909 994 durisima
918 930 1078 1013 quondam,

312 1119 349 1178 et
376 1103 579 1178 Aristoteles
612 1102 842 1202 philosopbite
876 1103 1036 1203 princeps
1068 1103 1166 1179 circa

287 1216 465 1293 sdisficilia
484 1217 661 1316 arduaque
677 1219 804 1294 versari
821 1219 1032 1295 existimavit
1051 1221 1166 1296 Geni·

313 1351 367 1410 tor
383 1359 532 1433 namque
549 1351 626 1409 tuus
642 1333 675 1408 in
694 1335 761 1409 hac
777 1360 815 1409 re
828 1335 977 1433 optimus
986 1336 1082 1412 testis
1098 1354 1165 1427 est,

312 1451 370 1549 qui
401 1453 512 1549 probe
541 1450 684 1550 vestigia
712 1451 877 1525 maiorum
907 1450 1073 1527 decursus
1110 1470 1167 1528 est

312 1583 350 1641 et
374 1567 432 1664 qui
458 1591 521 1664 per
545 1583 614 1640 tam
632 1568 736 1664 longa
761 1565 891 1657 itinera,
918 1583 986 1641 tam
1011 1566 1167 1642 diversas

312 1682 484 1780 regiones,
514 1707 577 1780 per
602 1682 713 1757 varios
742 1705 853 1772 casus,
883 1707 946 1780 per
962 1699 1015 1757 tot
1043 1681 1167 1759 discri-

272 1807 302 1844 ¹⁰
313 1798 524 1873 minarerum
533 1797 766 1896 eloquentiam
776 1815 1004 1896 persequutus
1012 1817 1075 1874 est
1090 1801 1168 1873 lla·

314 1916 377 1990 bes
395 1939 554 2011 namque,
571 1913 724 1989 studiose
741 1912 958 2005 adolescens
971 1939 1074 2013 quem
1093 1914 1169 1989 imi·

315 2029 405 2104 teris.
426 2031 517 2103 Nam
534 2028 562 2102 si
591 2030 630 2102 P.
649 2028 767 2127 Scipio
784 2046 821 2103 et
838 2031 910 2130 Qu.
939 2029 1066 2104 Fabius
1092 2028 1168 2103 illu·

314 2146 430 2220 strium
453 2145 599 2218 virorum
617 2144 819 2243 imaginibus
835 2145 1111 2244 contemplandis
1127 2172 1169 2221 se

316 2259 693 2365 magnopere-excitari
711 2259 885 2351 dicebant,
907 2260 990 2358 quid
1007 2261 1067 2335 tibi
1084 2287 1169 2336 eve-

274 2385 299 2439 ¹5
316 2377 388 2451 nire
406 2376 523 2466 debet,
541 2399 619 2449 cum
629 2376 737 2474 ipsam
754 2376 864 2451 vivam
880 2376 1030 2475 effigiem
1047 2402 1169 2452 exem-

316 2495 480 2591 plumque
511 2491 630 2566 intueri
660 2491 787 2567 liceat?
821 2492 960 2593 Quibus
988 2517 1033 2566 ex
1063 2494 1168 2568 rebus

317 2633 386 2682 non
404 2608 536 2697 dubito,
554 2607 636 2704 quin
649 2609 816 2706 praeclara
832 2607 944 2682 studia
960 2608 1005 2683 sis
1022 2633 1168 2708 suscep

316 2740 419 2799 turus
454 2725 592 2798 Summe
625 2721 723 2814 deus,
740 2740 868 2821 quanta
897 2723 996 2799 nobis
1024 2724 1166 2799 istorum

364 2985 398 3051 (1)
413 2986 488 3048 rect]
509 2986 658 3037 deserta&
692 2986 727 3050 (ι)
744 2987 781 3049 et]
802 2987 873 3036 atii
906 2986 1046 3050 inpecll.
1079 2985 1165 3049 ad]in

318 3066 405 3118 OGM.
440 3067 473 3131 (4)
483 3067 519 3129 et]
532 3074 560 3116 et
576 3066 693 3127 etismC‚
711 3067 749 3117 sic
758 3067 821 3118 GM.
855 3067 992 3117 aristotiles
1008 3067 1037 3116 C
1071 3080 1166 3131 parens

318 3148 383 3196 GM.
401 3149 444 3210 pn.
463 3161 488 3210 p.
513 3147 591 3209 circa]
612 3160 706 3210 petens
728 3159 787 3196 esse
809 3147 840 3196 α
874 3146 908 3209 (6)
925 3159 1048 3208 reamque
1064 3149 1164 3196 tuusli.

318 3227 352 3292 (7)
368 3228 503 3290 qui-dee
522 3235 562 3277 est
575 3242 622 3277 om.
639 3229 668 3279 C
702 3241 741 3291 pr.
760 3227 912 3290 permolor.
929 3235 993 3276 vest
1011 3227 1125 3278 cucurrit
1136 3230 1164 3277 Ε.

319 3307 353 3373 (8)
369 3317 419 3358 tam
435 3323 485 3371 per
500 3311 516 3356 l.
539 3310 571 3358 G.
614 3310 664 3371 (ιο)
697 3317 873 3371 prosequutus
896 3309 925 3365 Ε,
952 3317 1105 3371 persecutus
1131 3310 1163 3358 G.

319 3387 368 3450 (ιι.
388 3396 426 3452 ιι)
451 3387 604 3438 mitterisc
645 3386 695 3451 (ιι)
721 3387 763 3449 Ρ.]
790 3386 862 3448 quod
879 3386 909 3437 G
943 3387 1107 3451 (rilimmsg.
1134 3387 1165 3448 c,

319 3481 400 3532 ymsg.
429 3469 492 3518 GM.
534 3467 584 3531 (ιι)
611 3468 667 3530 tibi]
699 3467 766 3517 euim
791 3467 824 3517 G.
858 3465 908 3530 (ις)
935 3467 1036 3530 elfigam
1060 3468 1108 3516 HV
1126 3466 1165 3532 (ἓ).

319 3546 368 3610 (17)
385 3548 417 3596 sit
433 3547 466 3597 G.
