2850 4694
686 928 807 998 XXX.

411 1265 544 1325 (veneriis.
557 1266 600 1315 die
615 1266 648 1314 X.
667 1267 760 1316 mensis
775 1267 935 1330 Septembris
950 1281 973 1316 ι
994 1268 1075 1329 1438.)

343 1562 433 1634 isoio
457 1560 627 1658 Nogarolu
643 1560 737 1636 docto
754 1561 820 1636 uiro
836 1562 1008 1637 Damione
1024 1569 1143 1663 Burgo.

496 1956 648 2007 muris
657 1950 783 2009 tuosex
793 1934 917 2033 quibus
926 1953 1017 2010 tuam
1027 1938 1169 2036 excipio

290 2077 300 2127 ς
519 2048 776 2123 excusationem
795 2050 929 2149 accepi,
948 2076 1009 2126 cur
1027 2078 1083 2127 me
1097 2071 1166 2128 tam

519 2164 615 2238 tarde
637 2164 682 2239 de
699 2164 877 2240 doloribus
899 2167 963 2241 tuis
980 2168 1164 2244 certiorem

315 2279 516 2368 reddideris,
534 2279 639 2378 idque
665 2281 765 2355 tantis
790 2283 956 2381 exemplis
973 2302 1166 2383 ornateque

314 2396 532 2484 corroboras,
547 2411 582 2469 ut
596 2420 651 2469 me
665 2395 766 2469 invita
785 2420 929 2472 necesse
944 2397 989 2472 sit
1005 2400 1162 2474 credere.

314 2510 475 2608 Cognovi
504 2510 595 2585 enim
625 2528 660 2585 te
688 2512 987 2611 quamplurimum
1006 2515 1164 2590 admirari

272 2660 301 2697 ιο
314 2649 439 2724 meque
462 2625 605 2701 ferreum
623 2643 659 2701 et
676 2627 855 2702 immanem
873 2653 1012 2720 vocare,
1030 2655 1111 2728 quae
1129 2649 1164 2707 te

313 2741 430 2815 horter
443 2759 479 2815 ut
496 2742 579 2817 flere
601 2742 666 2815 iam
684 2742 820 2818 desinas
837 2761 874 2818 et
891 2760 1025 2819 tuorum
1044 2745 1165 2822 funera

311 2855 407 2931 sicca
428 2857 609 2956 relinquas.
630 2859 754 2934 Dolori
773 2859 863 2934 enim
882 2877 942 2934 tuo
960 2861 1085 2953 tribuo,
1102 2864 1162 2962 qui

312 2989 347 3046 te
372 2989 493 3047 contra
513 2974 659 3048 credere
679 2975 846 3074 compulit
863 2976 968 3076 idque
984 2978 1161 3077 gentilium

311 3103 348 3161 et
363 3106 558 3163 sanctorum
576 3090 743 3190 exemplis
763 3091 942 3167 affirmare.
963 3093 1051 3167 Mihi
1068 3095 1161 3170 enim

269 3237 295 3289 ις
310 3220 390 3279 unte
399 3207 521 3280 oculos
534 3206 677 3304 posuisti
690 3209 752 3282 lob
765 3207 871 3282 virum
884 3226 1039 3284 sanctum
1054 3213 1161 3311 longo

358 3423 391 3485 (ς)
406 3423 486 3474 docto
503 3425 558 3474 viro
574 3439 620 3474 om.
635 3428 664 3475 A.
699 3426 733 3490 (4)
745 3432 867 3478 exorta.
900 3430 1045 3493 occipio&
1072 3430 1106 3494 (ς)
1118 3447 1161 3483 me

309 3515 355 3550 om.
374 3503 406 3557 R.
440 3503 571 3566 (9)thue
591 3508 658 3568 plur.
680 3507 712 3556 R.
746 3506 796 3569 (ιι)
820 3509 910 3561 hortor
926 3511 955 3558 A.
989 3509 1159 3572 (12)siscuR.

309 3580 705 3648 (inpostosmuvetrobt.
