<?xml version="1.0" encoding="UTF-8"?>
<!DOCTYPE html PUBLIC "-//W3C//DTD XHTML 1.0 Transitional//EN"
    "http://www.w3.org/TR/xhtml1/DTD/xhtml1-transitional.dtd">
<html xmlns="http://www.w3.org/1999/xhtml" xml:lang="en" lang="en">
 <head>
  <title>
</title>
<meta http-equiv="Content-Type" content="text/html;charset=utf-8" />
  <meta name='ocr-system' content='tesseract 3.04.00' />
  <meta name='ocr-capabilities' content='ocr_page ocr_carea ocr_par ocr_line ocrx_word'/>
</head>
<body>
  <div class='ocr_page' id='page_1' title='image "./isotnogarolvero00nogagoog/isotnogarolvero00nogagoog_0303.png"; bbox 0 0 2850 4694; ppageno 0'>
   <div class='ocr_carea' id='block_1_1' title="bbox 523 922 621 992">
    <p class='ocr_par' dir='ltr' id='par_1_1' title="bbox 523 922 621 992">
     <span class='ocr_line' id='line_1_1' title="bbox 523 922 621 992; baseline 0 0"><span class='ocrx_word' id='word_1_1' title='bbox 523 922 621 992; x_wconf 84' lang='lat' dir='ltr'><strong>XIX.</strong></span> 
     </span>
    </p>
   </div>
   <div class='ocr_carea' id='block_1_2' title="bbox 202 1227 943 1289">
    <p class='ocr_par' dir='ltr' id='par_1_2' title="bbox 202 1227 943 1289">
     <span class='ocr_line' id='line_1_2' title="bbox 202 1227 943 1289; baseline -0.003 -13"><span class='ocrx_word' id='word_1_2' title='bbox 202 1229 346 1289; x_wconf 71' lang='lat' dir='ltr'><em>(ferreriae.</em></span> <span class='ocrx_word' id='word_1_3' title='bbox 365 1241 453 1276; x_wconf 86' lang='lat' dir='ltr'><em>mense</em></span> <span class='ocrx_word' id='word_1_4' title='bbox 473 1229 589 1276; x_wconf 75' lang='lat' dir='ltr'><em>Ianuario</em></span> <span class='ocrx_word' id='word_1_5' title='bbox 605 1231 645 1276; x_wconf 85' lang='lat' dir='ltr'><em>vel</em></span> <span class='ocrx_word' id='word_1_6' title='bbox 664 1228 805 1276; x_wconf 71' lang='lat' dir='ltr'><em>Februario</em></span> <span class='ocrx_word' id='word_1_7' title='bbox 821 1240 844 1275; x_wconf 80' lang='lat' dir='ltr'><em>e.</em></span> <span class='ocrx_word' id='word_1_8' title='bbox 866 1227 943 1289; x_wconf 81' lang='lat'>1438.)</span> 
     </span>
    </p>
   </div>
   <div class='ocr_carea' id='block_1_3' title="bbox 149 1504 997 1718">
    <p class='ocr_par' dir='ltr' id='par_1_3' title="bbox 149 1504 997 1718">
     <span class='ocr_line' id='line_1_3' title="bbox 149 1504 997 1604; baseline -0.004 -24"><span class='ocrx_word' id='word_1_9' title='bbox 149 1505 271 1580; x_wconf 84' lang='lat' dir='ltr'><em>Tobins</em></span> <span class='ocrx_word' id='word_1_10' title='bbox 295 1511 418 1604; x_wconf 78' lang='lat' dir='ltr'><em>Burgus</em></span> <span class='ocrx_word' id='word_1_11' title='bbox 435 1505 618 1578; x_wconf 77' lang='lat' dir='ltr'><em>clarissimis</em></span> <span class='ocrx_word' id='word_1_12' title='bbox 635 1514 667 1578; x_wconf 78' lang='lat' dir='ltr'><em>et</em></span> <span class='ocrx_word' id='word_1_13' title='bbox 681 1504 890 1578; x_wconf 72' lang='lat' dir='ltr'><em>celeberrimis</em></span> <span class='ocrx_word' id='word_1_14' title='bbox 907 1504 997 1603; x_wconf 80' lang='lat' dir='ltr'><em>virgi-</em></span> 
     </span>
     <span class='ocr_line' id='line_1_4' title="bbox 171 1619 970 1718; baseline -0.001 -24"><span class='ocrx_word' id='word_1_15' title='bbox 171 1622 265 1694; x_wconf 79' lang='lat' dir='ltr'><em>nibus</em></span> <span class='ocrx_word' id='word_1_16' title='bbox 289 1625 445 1694; x_wconf 82' lang='lat' dir='ltr'><em>Zenevroe</em></span> <span class='ocrx_word' id='word_1_17' title='bbox 461 1630 493 1693; x_wconf 75' lang='lat' dir='ltr'><em>e!</em></span> <span class='ocrx_word' id='word_1_18' title='bbox 508 1624 607 1694; x_wconf 78' lang='lat' dir='ltr'><em>Isotoe</em></span> <span class='ocrx_word' id='word_1_19' title='bbox 623 1619 797 1718; x_wconf 74' lang='lat' dir='ltr'><em>Nognrolis</em></span> <span class='ocrx_word' id='word_1_20' title='bbox 813 1622 845 1693; x_wconf 87' lang='lat' dir='ltr'><em>S.</em></span> <span class='ocrx_word' id='word_1_21' title='bbox 865 1623 902 1693; x_wconf 87' lang='lat' dir='ltr'><em>P.</em></span> <span class='ocrx_word' id='word_1_22' title='bbox 923 1624 970 1693; x_wconf 89' lang='lat' dir='ltr'><em>D.</em></span> 
     </span>
    </p>
   </div>
   <div class='ocr_carea' id='block_1_4' title="bbox 148 2045 997 2373">
    <p class='ocr_par' dir='ltr' id='par_1_4' title="bbox 148 2045 997 2373">
     <span class='ocr_line' id='line_1_5' title="bbox 239 2045 996 2142; baseline 0 -25"><span class='ocrx_word' id='word_1_23' title='bbox 239 2071 249 2086; x_wconf 59' lang='lat'><em>‘¹</em></span> <span class='ocrx_word' id='word_1_24' title='bbox 359 2070 423 2142; x_wconf 87' lang='lat' dir='ltr'><em>pro</em></span> <span class='ocrx_word' id='word_1_25' title='bbox 450 2070 527 2119; x_wconf 85' lang='lat' dir='ltr'><em>mea</em></span> <span class='ocrx_word' id='word_1_26' title='bbox 554 2069 779 2141; x_wconf 90' lang='lat' dir='ltr'><em>meorumque</em></span> <span class='ocrx_word' id='word_1_27' title='bbox 800 2070 938 2142; x_wconf 84' lang='lat' dir='ltr'><em>semper</em></span> <span class='ocrx_word' id='word_1_28' title='bbox 963 2045 996 2117; x_wconf 88' lang='lat' dir='ltr'><em>in</em></span> 
     </span>
     <span class='ocr_line' id='line_1_6' title="bbox 155 2141 997 2235; baseline 0.002 -4"><span class='ocrx_word' id='word_1_29' title='bbox 155 2141 174 2166; x_wconf 50' lang='grc'><strong><em>“</em></strong></span> <span class='ocrx_word' id='word_1_30' title='bbox 242 2180 253 2199; x_wconf 85' lang='grc'><em>·</em></span> <span class='ocrx_word' id='word_1_31' title='bbox 359 2160 518 2234; x_wconf 82' lang='lat' dir='ltr'><strong>familiam</strong></span> <span class='ocrx_word' id='word_1_32' title='bbox 548 2179 693 2234; x_wconf 83' lang='lat' dir='ltr'><em>vestram</em></span> <span class='ocrx_word' id='word_1_33' title='bbox 720 2161 936 2235; x_wconf 82' lang='lat' dir='ltr'><em>observantia</em></span> <span class='ocrx_word' id='word_1_34' title='bbox 961 2178 997 2235; x_wconf 83' lang='lat' dir='ltr'><em>et</em></span> 
     </span>
     <span class='ocr_line' id='line_1_7' title="bbox 148 2275 996 2373; baseline 0 -24"><span class='ocrx_word' id='word_1_35' title='bbox 148 2278 341 2351; x_wconf 82' lang='lat' dir='ltr'><em>reverentia</em></span> <span class='ocrx_word' id='word_1_36' title='bbox 370 2276 557 2373; x_wconf 84' lang='lat' dir='ltr'><strong>quidquam</strong></span> <span class='ocrx_word' id='word_1_37' title='bbox 589 2276 633 2350; x_wconf 85' lang='lat' dir='ltr'><em>ad</em></span> <span class='ocrx_word' id='word_1_38' title='bbox 659 2302 720 2350; x_wconf 89' lang='lat' dir='ltr'><em>vos</em></span> <span class='ocrx_word' id='word_1_39' title='bbox 746 2276 909 2365; x_wconf 90' lang='lat' dir='ltr'><em>scribere,</em></span> <span class='ocrx_word' id='word_1_40' title='bbox 936 2275 996 2349; x_wconf 82' lang='lat' dir='ltr'><em>ad·</em></span> 
     </span>
    </p>
   </div>
   <div class='ocr_carea' id='block_1_5' title="bbox 148 2391 1043 2603">
    <p class='ocr_par' dir='ltr' id='par_1_5' title="bbox 148 2391 1043 2603">
     <span class='ocr_line' id='line_1_8' title="bbox 149 2391 997 2490; baseline 0.001 -26"><span class='ocrx_word' id='word_1_41' title='bbox 149 2391 313 2466; x_wconf 81' lang='lat' dir='ltr'><em>mirandae</em></span> <span class='ocrx_word' id='word_1_42' title='bbox 343 2391 500 2490; x_wconf 88' lang='lat' dir='ltr'><em>virgines,</em></span> <span class='ocrx_word' id='word_1_43' title='bbox 534 2391 699 2465; x_wconf 83' lang='lat' dir='ltr'><em>deterruit</em></span> <span class='ocrx_word' id='word_1_44' title='bbox 732 2391 892 2488; x_wconf 82' lang='lat' dir='ltr'><strong>quaedam</strong></span> <span class='ocrx_word' id='word_1_45' title='bbox 927 2393 997 2465; x_wconf 81' lang='lat' dir='ltr'><em>ela·</em></span> 
     </span>
     <span class='ocr_line' id='line_1_9' title="bbox 148 2506 1043 2603; baseline -0.001 -25"><span class='ocrx_word' id='word_1_46' title='bbox 148 2507 267 2581; x_wconf 87' lang='lat' dir='ltr'><em>rissirni</em></span> <span class='ocrx_word' id='word_1_47' title='bbox 303 2508 447 2581; x_wconf 89' lang='lat' dir='ltr'><em>nominis</em></span> <span class='ocrx_word' id='word_1_48' title='bbox 477 2508 578 2582; x_wconf 84' lang='lat' dir='ltr'><em>vestri</em></span> <span class='ocrx_word' id='word_1_49' title='bbox 614 2507 772 2581; x_wconf 81' lang='lat' dir='ltr'><em>maiestas</em></span> <span class='ocrx_word' id='word_1_50' title='bbox 809 2525 845 2580; x_wconf 86' lang='lat' dir='ltr'><em>et</em></span> <span class='ocrx_word' id='word_1_51' title='bbox 878 2506 997 2603; x_wconf 84' lang='lat' dir='ltr'>ampli·</span> <span class='ocrx_word' id='word_1_52' title='bbox 1014 2535 1043 2570; x_wconf 85' lang='lat'><em>10</em></span> 
     </span>
    </p>
   </div>
   <div class='ocr_carea' id='block_1_6' title="bbox 147 2770 998 3633">
    <p class='ocr_par' dir='ltr' id='par_1_6' title="bbox 148 2770 997 2993">
     <span class='ocr_line' id='line_1_10' title="bbox 196 2770 997 2834; baseline -0.002 -13"><span class='ocrx_word' id='word_1_53' title='bbox 196 2771 288 2821; x_wconf 69' lang='lat' dir='ltr'><em>Consti</em></span> <span class='ocrx_word' id='word_1_54' title='bbox 304 2780 379 2821; x_wconf 79' lang='lat' dir='ltr'><em>sunt:</em></span> <span class='ocrx_word' id='word_1_55' title='bbox 397 2771 488 2821; x_wconf 85' lang='lat' dir='ltr'>Codex</span> <span class='ocrx_word' id='word_1_56' title='bbox 502 2771 710 2821; x_wconf 80' lang='lat' dir='ltr'><em>vindobonensis</em></span> <span class='ocrx_word' id='word_1_57' title='bbox 721 2786 758 2819; x_wconf 91' lang='lat' dir='ltr'><em>nr.</em></span> <span class='ocrx_word' id='word_1_58' title='bbox 774 2771 830 2830; x_wconf 76' lang='lat'><em>3481</em></span> <span class='ocrx_word' id='word_1_59' title='bbox 848 2770 900 2834; x_wconf 81' lang='lat' dir='ltr'><em>(C),</em></span> <span class='ocrx_word' id='word_1_60' title='bbox 919 2770 997 2822; x_wconf 82' lang='lat' dir='ltr'><em>Guel-</em></span> 
     </span>
     <span class='ocr_line' id='line_1_11' title="bbox 149 2849 995 2915; baseline -0.001 -16"><span class='ocrx_word' id='word_1_61' title='bbox 149 2851 297 2915; x_wconf 74' lang='lat' dir='ltr'><em>ferbytanus</em></span> <span class='ocrx_word' id='word_1_62' title='bbox 313 2849 368 2914; x_wconf 81' lang='lat' dir='ltr'><em>(G),</em></span> <span class='ocrx_word' id='word_1_63' title='bbox 388 2853 550 2900; x_wconf 79' lang='lat' dir='ltr'><strong>Monacensis</strong></span> <span class='ocrx_word' id='word_1_64' title='bbox 562 2851 621 2914; x_wconf 82' lang='lat' dir='ltr'><em>(M),</em></span> <span class='ocrx_word' id='word_1_65' title='bbox 641 2851 824 2902; x_wconf 81' lang='lat' dir='ltr'><em>Riceerdianus</em></span> <span class='ocrx_word' id='word_1_66' title='bbox 836 2864 872 2899; x_wconf 88' lang='lat' dir='ltr'><em>nr.</em></span> <span class='ocrx_word' id='word_1_67' title='bbox 886 2863 932 2910; x_wconf 81' lang='lat'><em>9²4</em></span> <span class='ocrx_word' id='word_1_68' title='bbox 943 2850 995 2913; x_wconf 86' lang='lat' dir='ltr'><em>(R),</em></span> 
     </span>
     <span class='ocr_line' id='line_1_12' title="bbox 148 2929 374 2993; baseline -0.004 -15"><span class='ocrx_word' id='word_1_69' title='bbox 148 2931 306 2980; x_wconf 82' lang='lat' dir='ltr'><em>Veronensis</em></span> <span class='ocrx_word' id='word_1_70' title='bbox 321 2929 374 2993; x_wconf 83' lang='lat' dir='ltr'><em>(V).</em></span> 
     </span>
    </p>

    <p class='ocr_par' dir='ltr' id='par_1_7' title="bbox 147 3008 998 3633">
     <span class='ocr_line' id='line_1_13' title="bbox 200 3008 997 3072; baseline -0.001 -13"><span class='ocrx_word' id='word_1_71' title='bbox 200 3009 293 3059; x_wconf 68' lang='lat' dir='ltr'><em>mahts</em></span> <span class='ocrx_word' id='word_1_72' title='bbox 309 3008 334 3058; x_wconf 79' lang='lat' dir='ltr'><em>in</em></span> <span class='ocrx_word' id='word_1_73' title='bbox 350 3012 384 3060; x_wconf 89' lang='grc' dir='ltr'><em>Μ</em></span> <span class='ocrx_word' id='word_1_74' title='bbox 396 3008 434 3059; x_wconf 75' lang='lat' dir='ltr'><em>nic</em></span> <span class='ocrx_word' id='word_1_75' title='bbox 449 3012 499 3059; x_wconf 78' lang='lat' dir='ltr'><em>est:</em></span> <span class='ocrx_word' id='word_1_76' title='bbox 513 3010 611 3059; x_wconf 67' lang='lat' dir='ltr'><em>Tobios</em></span> <span class='ocrx_word' id='word_1_77' title='bbox 627 3011 770 3059; x_wconf 75' lang='lat' dir='ltr'><em>clarissimis</em></span> <span class='ocrx_word' id='word_1_78' title='bbox 779 3009 918 3072; x_wconf 77' lang='lat' dir='ltr'><em>virginibus</em></span> <span class='ocrx_word' id='word_1_79' title='bbox 928 3010 997 3058; x_wconf 79' lang='lat' dir='ltr'><em>lsote</em></span> 
     </span>
     <span class='ocr_line' id='line_1_14' title="bbox 149 3088 998 3150; baseline -0.004 -12"><span class='ocrx_word' id='word_1_80' title='bbox 149 3097 175 3138; x_wconf 79' lang='lat' dir='ltr'><em>et</em></span> <span class='ocrx_word' id='word_1_81' title='bbox 191 3091 311 3138; x_wconf 87' lang='lat' dir='ltr'><em>Zeneure</em></span> <span class='ocrx_word' id='word_1_82' title='bbox 323 3090 348 3138; x_wconf 85' lang='lat' dir='ltr'><em>S.</em></span> <span class='ocrx_word' id='word_1_83' title='bbox 369 3091 397 3138; x_wconf 89' lang='grc' dir='ltr'><em>Ρ.</em></span> <span class='ocrx_word' id='word_1_84' title='bbox 418 3091 470 3149; x_wconf 82' lang='grc' dir='ltr'><em>Ο.;</em></span> <span class='ocrx_word' id='word_1_85' title='bbox 491 3088 515 3137; x_wconf 85' lang='lat' dir='ltr'><em>in</em></span> <span class='ocrx_word' id='word_1_86' title='bbox 533 3090 558 3138; x_wconf 86' lang='lat' dir='ltr'><em>G</em></span> <span class='ocrx_word' id='word_1_87' title='bbox 573 3088 627 3138; x_wconf 73' lang='lat' dir='ltr'><em>nr&#39;e:</em></span> <span class='ocrx_word' id='word_1_88' title='bbox 641 3089 756 3137; x_wconf 72' lang='lat' dir='ltr'><em>Thobins</em></span> <span class='ocrx_word' id='word_1_89' title='bbox 767 3089 910 3138; x_wconf 65' lang='lat' dir='ltr'><em>clarissimis</em></span> <span class='ocrx_word' id='word_1_90' title='bbox 924 3089 998 3150; x_wconf 75' lang='lat' dir='ltr'><em>virgi·</em></span> 
     </span>
     <span class='ocr_line' id='line_1_15' title="bbox 149 3167 998 3230; baseline 0 -14"><span class='ocrx_word' id='word_1_91' title='bbox 149 3169 223 3218; x_wconf 82' lang='lat' dir='ltr'><em>nibus</em></span> <span class='ocrx_word' id='word_1_92' title='bbox 235 3170 332 3218; x_wconf 76' lang='lat' dir='ltr'><em>Ysothe</em></span> <span class='ocrx_word' id='word_1_93' title='bbox 350 3179 376 3218; x_wconf 81' lang='lat' dir='ltr'><em>et</em></span> <span class='ocrx_word' id='word_1_94' title='bbox 395 3171 512 3218; x_wconf 89' lang='lat' dir='ltr'><em>Zenevre</em></span> <span class='ocrx_word' id='word_1_95' title='bbox 529 3170 554 3218; x_wconf 85' lang='lat' dir='ltr'><em>S.</em></span> <span class='ocrx_word' id='word_1_96' title='bbox 573 3183 598 3230; x_wconf 85' lang='grc' dir='ltr'><em>ρ.</em></span> <span class='ocrx_word' id='word_1_97' title='bbox 617 3169 643 3219; x_wconf 91' lang='lat' dir='ltr'><em>d.</em></span> <span class='ocrx_word' id='word_1_98' title='bbox 662 3179 688 3218; x_wconf 81' lang='lat' dir='ltr'><em>et</em></span> <span class='ocrx_word' id='word_1_99' title='bbox 705 3178 744 3218; x_wconf 80' lang='lat' dir='ltr'><em>est</em></span> <span class='ocrx_word' id='word_1_100' title='bbox 761 3177 840 3217; x_wconf 76' lang='lat' dir='ltr'>totum</span> <span class='ocrx_word' id='word_1_101' title='bbox 858 3169 882 3216; x_wconf 89' lang='lat' dir='ltr'><em>in</em></span> <span class='ocrx_word' id='word_1_102' title='bbox 897 3167 998 3218; x_wconf 77' lang='lat' dir='ltr'><em>leudem</em></span> 
     </span>
     <span class='ocr_line' id='line_1_16' title="bbox 149 3248 995 3311; baseline -0.006 -11"><span class='ocrx_word' id='word_1_103' title='bbox 149 3258 175 3300; x_wconf 77' lang='lat' dir='ltr'><em>et</em></span> <span class='ocrx_word' id='word_1_104' title='bbox 192 3249 368 3299; x_wconf 75' lang='lat' dir='ltr'><em>commendem</em></span> <span class='ocrx_word' id='word_1_105' title='bbox 384 3249 477 3311; x_wconf 76' lang='lat' dir='ltr'><em>peritie</em></span> <span class='ocrx_word' id='word_1_106' title='bbox 494 3263 582 3297; x_wconf 70' lang='lat' dir='ltr'><em>esrum</em></span> <span class='ocrx_word' id='word_1_107' title='bbox 607 3250 630 3297; x_wconf 91' lang='lat' dir='ltr'><em>in</em></span> <span class='ocrx_word' id='word_1_108' title='bbox 654 3249 752 3298; x_wconf 78' lang='lat' dir='ltr'><em>artibus</em></span> <span class='ocrx_word' id='word_1_109' title='bbox 769 3249 816 3297; x_wconf 81' lang='lat' dir='ltr'><em>hiis</em></span> <span class='ocrx_word' id='word_1_110' title='bbox 831 3248 995 3298; x_wconf 70' lang='lat' dir='ltr'><em>numanitatis.</em></span> 
     </span>
     <span class='ocr_line' id='line_1_17' title="bbox 148 3328 995 3394; baseline -0.002 -16"><span class='ocrx_word' id='word_1_111' title='bbox 148 3329 182 3394; x_wconf 76' lang='lat'><em>(3)</em></span> <span class='ocrx_word' id='word_1_112' title='bbox 199 3330 231 3378; x_wconf 90' lang='grc' dir='ltr'><em>Τ.</em></span> <span class='ocrx_word' id='word_1_113' title='bbox 258 3331 286 3378; x_wconf 88' lang='grc' dir='ltr'><em>Β.</em></span> <span class='ocrx_word' id='word_1_114' title='bbox 304 3330 454 3379; x_wconf 79' lang='lat' dir='ltr'><em>veronensis</em></span> <span class='ocrx_word' id='word_1_115' title='bbox 470 3332 529 3378; x_wconf 77' lang='lat' dir='ltr'><em>cler.</em></span> <span class='ocrx_word' id='word_1_116' title='bbox 546 3330 578 3378; x_wconf 88' lang='lat' dir='ltr'><em>R.</em></span> <span class='ocrx_word' id='word_1_117' title='bbox 612 3329 774 3379; x_wconf 82' lang='lat' dir='ltr'><em>celeberimis</em></span> <span class='ocrx_word' id='word_1_118' title='bbox 783 3329 837 3378; x_wconf 86' lang='lat' dir='ltr'><em>CV.</em></span> <span class='ocrx_word' id='word_1_119' title='bbox 871 3337 897 3377; x_wconf 79' lang='lat' dir='ltr'><em>et</em></span> <span class='ocrx_word' id='word_1_120' title='bbox 911 3328 995 3378; x_wconf 81' lang='lat' dir='ltr'><em>celeb.</em></span> 
     </span>
     <span class='ocr_line' id='line_1_18' title="bbox 147 3408 995 3473; baseline -0.001 -14"><span class='ocrx_word' id='word_1_121' title='bbox 147 3423 194 3459; x_wconf 80' lang='lat' dir='ltr'><em>nnn.</em></span> <span class='ocrx_word' id='word_1_122' title='bbox 213 3410 244 3458; x_wconf 85' lang='lat' dir='ltr'><em>R·</em></span> <span class='ocrx_word' id='word_1_123' title='bbox 279 3408 313 3473; x_wconf 79' lang='grc'><em>(4)</em></span> <span class='ocrx_word' id='word_1_124' title='bbox 331 3411 454 3460; x_wconf 70' lang='grc' dir='ltr'><em>ῦίηεδτο</em></span> <span class='ocrx_word' id='word_1_125' title='bbox 475 3412 501 3456; x_wconf 87' lang='lat' dir='ltr'><em>V.</em></span> <span class='ocrx_word' id='word_1_126' title='bbox 537 3411 641 3458; x_wconf 76' lang='lat' dir='ltr'><em>lsoteet</em></span> <span class='ocrx_word' id='word_1_127' title='bbox 655 3409 767 3458; x_wconf 85' lang='lat' dir='ltr'><em>Zinebre</em></span> <span class='ocrx_word' id='word_1_128' title='bbox 779 3409 834 3458; x_wconf 85' lang='lat' dir='ltr'><em>CR.</em></span> <span class='ocrx_word' id='word_1_129' title='bbox 869 3410 897 3457; x_wconf 84' lang='lat' dir='ltr'><em>P.</em></span> <span class='ocrx_word' id='word_1_130' title='bbox 907 3410 995 3458; x_wconf 58' lang='lat' dir='ltr'><em>one&amp;</em></span> 
     </span>
     <span class='ocr_line' id='line_1_19' title="bbox 149 3489 997 3552; baseline -0.001 -14"><span class='ocrx_word' id='word_1_131' title='bbox 149 3491 183 3538; x_wconf 89' lang='lat' dir='ltr'><em>D.</em></span> <span class='ocrx_word' id='word_1_132' title='bbox 192 3489 281 3539; x_wconf 71' lang='lat' dir='ltr'><em>onec</em></span> <span class='ocrx_word' id='word_1_133' title='bbox 315 3489 349 3551; x_wconf 81' lang='grc' dir='ltr'><em>(ς)</em></span> <span class='ocrx_word' id='word_1_134' title='bbox 366 3502 474 3538; x_wconf 85' lang='lat' dir='ltr'><em>numero</em></span> <span class='ocrx_word' id='word_1_135' title='bbox 490 3489 737 3538; x_wconf 71' lang='lat' dir='ltr'><em>induennestinle</em></span> <span class='ocrx_word' id='word_1_136' title='bbox 771 3489 804 3551; x_wconf 88' lang='lat'><em>(7.</em></span> <span class='ocrx_word' id='word_1_137' title='bbox 818 3489 842 3552; x_wconf 87' lang='lat'><em>8)</em></span> <span class='ocrx_word' id='word_1_138' title='bbox 860 3489 997 3538; x_wconf 74' lang='lat' dir='ltr'><em>observen-</em></span> 
     </span>
     <span class='ocr_line' id='line_1_20' title="bbox 149 3568 995 3633; baseline -0.001 -16"><span class='ocrx_word' id='word_1_139' title='bbox 149 3571 208 3618; x_wconf 72' lang='lat' dir='ltr'><em>tiem</em></span> <span class='ocrx_word' id='word_1_140' title='bbox 225 3570 447 3630; x_wconf 67' lang='lat' dir='ltr'><em>reverentiamque</em></span> <span class='ocrx_word' id='word_1_141' title='bbox 464 3570 495 3618; x_wconf 86' lang='lat' dir='ltr'><em>R.</em></span> <span class='ocrx_word' id='word_1_142' title='bbox 531 3569 564 3633; x_wconf 79' lang='lat'><em>(8)</em></span> <span class='ocrx_word' id='word_1_143' title='bbox 576 3569 703 3632; x_wconf 82' lang='lat' dir='ltr'>quidquid</span> <span class='ocrx_word' id='word_1_144' title='bbox 723 3571 751 3618; x_wconf 78' lang='lat' dir='ltr'><em>V.</em></span> <span class='ocrx_word' id='word_1_145' title='bbox 785 3568 819 3633; x_wconf 83' lang='lat'><em>(9)</em></span> <span class='ocrx_word' id='word_1_146' title='bbox 836 3569 947 3618; x_wconf 79' lang='lat' dir='ltr'><em>deterint</em></span> <span class='ocrx_word' id='word_1_147' title='bbox 962 3569 995 3618; x_wconf 83' lang='lat' dir='ltr'><em>R.</em></span> 
     </span>
    </p>
   </div>
   <div class='ocr_carea' id='block_1_7' title="bbox 0 0 1434 4694">
    <p class='ocr_par' dir='ltr' id='par_1_8' title="bbox 0 0 1434 4694">
     <span class='ocr_line' id='line_1_21' title="bbox 0 0 1434 4694; baseline 0 0"><span class='ocrx_word' id='word_1_148' title='bbox 0 0 1434 4694; x_wconf 95' lang='lat' dir='ltr'><em> </em></span> 
     </span>
    </p>
   </div>
  </div>
 </body>
</html>
