2926 5168
579 1051 660 1096 cm

189 1204 325 1256 Parleone.
354 1216 402 1252 con
428 1204 468 1251 un'
488 1204 571 1266 elegia
588 1204 674 1253 Greca
690 1204 732 1252 dei
752 1204 841 1252 Fileiio
858 1204 891 1253 da
909 1204 1043 1253 Lodovico

188 1281 312 1331 Carbone
340 1283 480 1331 Ferrarcse
504 1285 598 1333 voitata
625 1284 648 1331 in
677 1284 775 1332 Latino.
793 1284 824 1332 vi
841 1297 960 1333 mancava
976 1283 1042 1347 paro

188 1377 221 1410 un
239 1371 372 1424 poentetto
383 1364 433 1411 che
444 1361 477 1411 da
488 1378 517 1411 se
530 1364 545 1411 ii
557 1362 679 1413 Carbone
692 1364 757 1419 iece.
772 1364 936 1413 manuscritto
948 1378 1041 1426 presso

187 1441 213 1490 di
231 1456 272 1491 me
289 1456 337 1490 con
354 1444 418 1492 altre
433 1458 480 1492 suc
497 1456 577 1503 cose;
594 1443 634 1492 dai
651 1439 728 1505 quale
740 1443 760 1491 si
772 1456 885 1492 conosce
897 1430 946 1492 che
958 1446 1040 1493 anche

188 1522 249 1570 Tito
265 1523 424 1584 Vespasiano
447 1524 542 1572 Strozzi
562 1524 617 1573 suli'
636 1530 788 1586 argumento
805 1521 946 1571 medesinro
962 1536 1042 1573 arara

186 1602 285 1651 scritto.
311 1604 435 1652 Mancava
457 1618 523 1666 pure
547 1602 583 1652 ira
605 1604 665 1664 que'
693 1602 890 1664 componimenti
919 1616 950 1651 un
979 1617 1043 1664 poe·

188 1690 268 1732 metro
285 1684 459 1733 consolatorio
484 1683 533 1732 che
557 1683 578 1732 si
595 1697 623 1731 sa
639 1683 723 1733 Giano
741 1682 873 1731 Pannonio
889 1683 1039 1743 aversano,

188 1762 221 1811 ed
239 1776 270 1812 or
287 1776 336 1812 non
354 1764 374 1812 si
390 1763 458 1812 vede
475 1761 506 1825 (i.
527 1764 639 1812 Pannon.
658 1763 715 1811 Vita
731 1776 756 1824 p.
778 1761 841 1825 23⁶),
860 1775 911 1811 non
929 1759 1041 1811 essendo

187 1843 280 1892 rimoso
306 1844 344 1892 ira
371 1846 395 1892 ie
419 1857 482 1893 cose
507 1857 554 1892 sue
576 1857 593 1891 a
617 1851 716 1905 stampa
731 1856 829 1892 sennon
847 1856 880 1891 un
897 1842 1000 1905 epitatio
1016 1843 1042 1891 di

187 1922 264 1983 pochi
290 1924 357 1971 versi
374 1925 413 1971 sul
430 1931 514 1971 morto
530 1922 648 1972 fanciuilo
665 1921 732 1984 (Lib.
753 1923 770 1970 Ι.
791 1937 828 1970 nr.
850 1922 921 1984 137);
950 1935 1001 1971 non
1018 1923 1041 1969 vi

187 2017 231 2052 era
256 2004 364 2052 un'aitra
379 2003 498 2052 versione
516 2002 603 2051 Latina
619 2001 771 2065 deil'Elegia
787 2002 874 2051 Greea
884 2001 927 2050 dei
940 2002 1038 2061 fiterio,

187 2083 247 2132 satta
263 2082 296 2130 da
313 2083 442 2132 Lionardo
459 2083 533 2133 Griio
551 2084 675 2131 Milanese
692 2083 740 2130 che
753 2083 778 2131 io
789 2081 847 2130 vedi
859 2082 1039 2142 manuscritta3

187 2163 219 2215 ne
236 2164 259 2212 vi
276 2177 322 2212 era
338 2177 370 2212 un
388 2165 547 2226 Epigramma
563 2162 588 2211 di
606 2163 736 2226 Gregorio
753 2162 786 2211 da
797 2162 866 2212 Citii
876 2163 901 2212 di
914 2164 1038 2222 castello,

187 2245 236 2293 che
263 2257 278 2291 a
305 2251 403 2301 stampa
429 2243 449 2291 si
477 2252 550 2293 trova
576 2243 617 2292 ne’
635 2242 703 2292 versi
730 2243 786 2292 suoi
814 2243 986 2293 eoii'Antonio
1012 2241 1039 2291 di

186 2323 297 2372 Venetia
314 2336 397 2384 1472».

240 2397 264 2447 8³
288 2403 308 2452 E
326 2404 427 2452 Birncae
445 2404 585 2466 Nogarotra
610 2410 771 2462 testamento,
789 2402 860 2465 quod
877 2418 899 2451 a
920 2401 1038 2465 1457dte

188 2485 283 2532 xxiv.
300 2485 393 2533 mensis
411 2484 493 2533 Martii
509 2484 631 2545 scriptum
648 2491 696 2541 est,
715 2484 832 2531 nonnulis
847 2483 880 2531 ad
896 2483 1040 2546 possessio·

187 2578 244 2612 nem
269 2564 352 2612 Castri
374 2564 463 2612 Azzani
480 2563 621 2625 spectantia
637 2564 661 2611 in
678 2562 765 2612 iibeiio
782 2576 861 2625 supra
877 2563 979 2612 laudato
995 2563 1038 2625 qui

188 2646 304 2705 «Stampa
330 2644 389 2693 Co:
418 2643 581 2692 ferdinando
609 2644 740 2706 Nogaroia
766 2651 858 2693 contro
885 2643 944 2692 Co:
962 2643 1038 2691 lsotta

188 2725 319 2787 Negaroirr
336 2724 436 2786 Pupilla
458 2726 481 2771 ai
506 2722 596 2772 laudor
623 2722 767 2773 inscribitur
779 2731 905 2786 excerpto
921 2725 1040 2786 teguntur

186 2803 256 2865 (po
280 2802 359 2865 soc).
385 2805 480 2852 Totum
504 2811 682 2852 testamentum
702 2803 872 2867 dignissimum
889 2817 951 2852 sane
967 2802 1038 2864 quod

187 2887 286 2947 legatur
303 2892 329 2932 ut
347 2885 386 2932 hic
404 2885 518 2932 inserere
536 2897 648 2945 possem,
668 2883 783 2932 Caietani
801 2885 842 2931 Da
860 2885 900 2932 Re
912 2882 1039 2932 beneflcio

186 2965 278 3013 iactum
296 2973 343 3021 est,
362 2965 406 3026 qui
424 2978 455 3012 ex
473 2962 595 3011 Ludovici
613 2962 791 3021 Cristoioietti‚
804 2962 935 3012 Tabularii
961 2964 1040 3013 Nota·

185 3044 251 3092 rialis
275 3043 346 3105 quod
370 3051 409 3092 est
425 3044 538 3092 Veronae
554 3040 682 3103 quondam
699 3041 815 3090 custodis
825 3044 976 3105 apographo
992 3042 1038 3092 de-

186 3124 295 3186 scripsit,
314 3123 385 3185 quod
411 3137 479 3172 nunc
495 3124 518 3172 in
533 3122 642 3172 Publice
658 3122 798 3172 Tabulario
814 3123 958 3173 Veronensi
974 3123 1040 3171 inter

185 3204 232 3252 aiia
248 3202 363 3252 eiusdem
379 3203 424 3251 viri
441 3204 535 3264 scripta
550 3209 712 3251 asservatur:

427 3328 453 3374 in
470 3325 581 3389 Chrispti
599 3325 699 3375 nomine
716 3329 797 3375 Amen

233 3444 283 3491 ote
313 3443 384 3491 iovis
407 3442 505 3501 xxtttj
532 3442 615 3503 Μιηῑῑ
645 3405 770 3501 minimi
800 3440 924 3489 inditione
951 3441 1039 3501 quint·

184 3524 287 3572 Verona
304 3523 327 3570 in
345 3521 423 3572 domo
441 3520 600 3570 habitationis
616 3520 776 3583 infrascripti.

232 3604 269 3652 La
294 3602 430 3665 sperabele
457 3617 473 3651 e
497 3615 624 3665 generosa
651 3616 700 3650 una
728 3600 840 3650 Madona
868 3600 978 3648 Biancha
1004 3599 1037 3648 da

184 3684 316 3745 Negaroie
344 3684 402 3731 fiola
425 3696 475 3744 (μυ
489 3682 523 3731 de
552 3684 588 3730 M.
616 3683 764 3730 Bonromeo
789 3680 823 3729 de
849 3679 993 3728 Bornrontei
1011 3687 1037 3728 et

185 3777 248 3811 uxor
272 3776 321 3824 q.m
344 3761 486 3824 spectabile
514 3762 591 3811 horno
619 3763 654 3810 M.
685 3759 823 3809 Leonardo
846 3758 879 3807 da
904 3761 1037 3822 Nogrroie

183 3855 244 3891 sana
260 3856 308 3904 per
325 3844 351 3890 ia
368 3843 420 3891 Dio
434 3842 513 3905 gratia
529 3841 571 3890 dei
589 3855 671 3902 corpo
688 3855 703 3889 e
721 3840 755 3889 de
768 3840 906 3888 iinteilecto
924 3874 1034 3888 .....

184 3957 474 3972 ............
494 3924 517 3970 la
542 3929 625 3970 morte
650 3936 695 3969 sua
713 3934 762 3969 non
780 3934 854 3969 nassa
869 3921 960 3968 alcuna
974 3918 1037 3967 divi-

183 4002 256 4050 sione
273 4015 288 4049 e
306 4001 358 4049 rixa
373 4002 396 4050 in
414 4001 573 4064 linirascripti
590 4001 628 4049 sui
645 3998 797 4049 decendenti
815 3998 988 4048 esuccessori
1005 3999 1037 4047 ha

237 4121 298 4163 tm
312 4120 423 4177 κομιοιι
435 4121 541 4177 omi.
914 4107 928 4153 k
