2850 4694
517 585 620 629 cxtvtt

142 736 206 783 risse
230 736 305 783 innnti
328 743 355 784 et
378 734 496 798 predicto
519 735 653 799 Lodovigo
677 739 726 786 che
743 745 799 785 tuto
815 739 903 797 quello
919 738 959 787 chi
976 751 994 787 o

141 815 235 864 lesssto
249 828 265 862 n
281 818 305 863 lc
314 813 383 865 dicto
394 816 473 864 Ysottt
482 815 520 865 sin
530 830 546 864 e
558 813 674 879 devegnn
683 817 705 864 el
717 814 786 865 dicto
799 814 932 879 Lodorigo
944 819 994 866 mio

141 895 230 967 nolon
246 895 284 944 sin
298 896 322 944 ni
339 896 396 945 miei
409 894 498 945 heredi
510 896 603 945 mnschi
615 909 631 945 e
642 896 754 959 legittimi
772 911 787 945 e
805 897 909 945 nnturrli
926 911 942 945 e
959 895 994 946 de

141 975 264 1038 legittimo
287 975 446 1025 metrintonlo
472 976 521 1024 neti
538 990 554 1025 e
569 976 626 1025 vice
642 988 717 1024 verse
733 977 757 1023 el
773 974 844 1025 dicto
861 975 995 1039 lodorigo

141 1055 249 1106 rnorisse
269 1055 345 1106 inenti
368 1058 393 1107 ln
407 1056 476 1106 dicte
499 1057 578 1106 Ysote
601 1056 650 1104 min
665 1056 724 1105 ilole
739 1069 815 1104 senza
831 1056 881 1105 iloli
899 1057 993 1106 rnnsclll

141 1136 254 1199 legittiml
271 1137 376 1186 nctnrnli
394 1143 515 1199 utsupra
531 1135 617 1200 volgio
633 1135 683 1184 cite
700 1134 715 1183 li
732 1134 842 1197 predicti
859 1134 916 1184 rniel
934 1135 993 1184 beni

142 1216 316 1266 universaliter
339 1217 410 1266 cinno
433 1230 449 1265 e
473 1215 626 1279 devegneno
648 1230 664 1264 e
685 1216 765 1264 Ysottt
789 1214 838 1263 inin
859 1215 918 1264 tiolo
934 1229 993 1277 pro·

140 1294 224 1347 dictnl
251 1298 314 1347 ltent
337 1298 406 1346 lasso
429 1310 446 1347 e
468 1310 548 1360 gravo
573 1298 598 1346 le
622 1294 682 1345 dicti
708 1294 844 1359 Lodovlgo
870 1309 886 1344 e
914 1297 993 1345 Ysotn

140 1376 212 1426 siano
234 1376 339 1440 obligsti
363 1375 427 1426 dare
448 1389 465 1426 e
482 1376 565 1425 uun
581 1376 630 1425 rnin
645 1376 703 1425 lioln
719 1389 765 1425 sue
780 1377 877 1426 sorelle
894 1376 992 1426 moiere

141 1455 176 1506 de
198 1456 347 1506 Cristolollo
370 1455 405 1506 de
422 1458 559 1520 pelegrino
577 1454 661 1506 ducati
678 1463 761 1505 trente
776 1456 844 1506 omni
860 1468 928 1505 enno
944 1469 993 1519 per

140 1537 195 1586 cine
211 1538 261 1587 cite
272 1537 365 1586 ebisno
376 1537 438 1588 doto
454 1536 538 1587 ducati
555 1520 593 1595 tiri
610 1535 678 1586 doro
694 1536 718 1585 in
735 1544 830 1598 questo
846 1534 924 1585 modo
943 1537 993 1586 che

140 1618 165 1666 el
181 1617 252 1667 dicto
269 1615 403 1680 lodovigo
419 1617 457 1667 sin
473 1617 587 1681 obligcto
602 1615 717 1680 dcrgene
733 1617 792 1665 vinti
804 1631 820 1666 e
832 1616 912 1666 Ysote
923 1615 992 1666 dene

140 1712 155 1747 e
181 1706 276 1760 questo
302 1699 326 1748 in
354 1712 414 1748 ceso
437 1699 485 1748 che
509 1699 532 1747 le
554 1711 681 1762 regnesse
705 1698 754 1747 clte
778 1699 801 1746 ln
825 1696 894 1747 dicte
910 1698 993 1747 ultre

140 1790 303 1841 remgnesse
319 1776 404 1827 reduc
419 1775 454 1826 de
471 1776 620 1827 Cristolono
636 1775 670 1826 de
688 1776 826 1841 Pelegrino
842 1790 890 1826 suo
902 1777 993 1827 merito

139 1870 179 1906 nro
194 1855 305 1907 vivendo
321 1856 470 1907 cristolono
487 1871 537 1906 non
550 1857 642 1906 hebbie
653 1859 742 1906 nlcune
752 1870 835 1906 cosso.
850 1858 912 1907 ltetn
924 1859 992 1908 lesco

139 1937 188 1987 cite
213 1939 237 1986 el
261 1936 333 1987 dicto
357 1936 492 2000 Lodovigo
516 1937 567 1986 ntio
583 1935 665 1986 erede
683 1937 825 1986 universale
842 1937 865 1985 in
881 1936 932 1985 vita
946 1950 993 1986 sun

140 2051 146 2063 .
166 2052 172 2064 .
191 2051 197 2065 .
217 2052 223 2065 .
243 2016 294 2078 poli
318 2018 341 2065 le
358 2024 440 2066 morte
464 2029 510 2066 sue
533 2016 547 2064 li
574 2015 723 2078 inlrnscripti
743 2029 800 2079 rney
815 2016 959 2066 successori
976 2031 992 2066 e

138 2094 255 2146 ccdnnno
285 2095 319 2146 de
354 2098 411 2146 loro
441 2096 466 2145 in
492 2094 602 2146 solidum
630 2096 697 2145 omni
725 2109 792 2145 enno
819 2095 908 2145 tezeno
934 2094 991 2145 dire

141 2189 190 2238 per
213 2176 313 2226 l'nninre
337 2176 386 2225 nie
407 2190 423 2225 e
446 2175 481 2225 de
506 2176 552 2226 tuti
569 2176 584 2224 ll
601 2189 659 2239 nrey
676 2175 768 2239 parenti
785 2189 837 2225 nno
853 2177 991 2225 enovelee

138 2257 231 2306 sunm
255 2256 369 2306 nextnxie
391 2270 407 2306 e
431 2255 465 2305 de
488 2263 583 2317 questo
606 2255 649 2318 piu
671 2263 741 2305 tosto
765 2255 780 2304 li
805 2269 888 2318 prcgo
909 2256 960 2304 clte
976 2256 992 2305 li

137 2337 233 2402 obligo.
260 2338 322 2387 ltent
345 2339 413 2386 lasso
431 2336 605 2386 elenirescrite
630 2336 679 2384 mie
703 2370 710 2383 .
735 2370 742 2384 .
768 2371 775 2384 .
801 2370 808 2384 .
835 2335 950 2384 maritate
974 2349 991 2384 e

138 2415 229 2467 dolete
257 2429 304 2466 zoe
328 2416 444 2474 inbelle,
472 2417 642 2474 Bertolontee,
667 2417 759 2474 Laura,
785 2415 904 2464 Zenevre
926 2414 991 2464 libre

138 2495 230 2547 decern
254 2510 303 2559 per
326 2510 376 2546 unc
400 2510 448 2558 per
471 2509 566 2545 rnxone
591 2494 625 2544 de
642 2495 797 2544 institutione
813 2509 829 2544 e
846 2495 913 2545 ornni
928 2496 992 2545 eltrtt

138 2575 249 2640 legitime
271 2575 367 2635 debite,
393 2578 443 2626 clre
460 2589 508 2638 per
524 2588 618 2625 rexone
634 2575 669 2625 de
686 2582 774 2635 nature
789 2576 860 2624 olore
876 2573 992 2638 podesse

137 2665 273 2720 nspecterc
296 2657 320 2705 in
346 2656 362 2706 li
385 2669 445 2720 ntey
461 2656 521 2706 beni
538 2670 553 2706 e
569 2656 654 2721 volgio
670 2668 687 2705 e
704 2655 830 2706 contendo
846 2656 896 2706 che
912 2658 990 2718 quele

136 2736 209 2786 steno
224 2735 300 2785 tecite
318 2749 333 2785 e
349 2743 471 2786 contente
486 2732 520 2784 de
531 2741 625 2797 questo
642 2769 649 2783 .
669 2770 675 2783 .
694 2769 700 2782 .
720 2770 726 2782 .
747 2736 809 2784 ltern
821 2737 878 2784 laxo
894 2735 990 2784 elles

136 2828 182 2866 ser
203 2816 332 2867 Anthonlo
354 2830 370 2866 e
394 2830 410 2866 e
434 2815 557 2866 Lonnrdo
571 2814 607 2866 de
624 2816 765 2879 Nognrolle
783 2829 841 2879 mey
857 2816 907 2865 noli
926 2816 990 2864 libre

136 2897 214 2947 XXV
236 2909 285 2960 per
309 2909 361 2946 uno
383 2910 433 2959 per
456 2909 551 2946 mone
575 2893 609 2945 de
634 2895 789 2945 institutione
814 2909 830 2944 e
857 2908 907 2958 per
922 2896 990 2944 ontni

137 2976 258 3040 legittime
280 2975 368 3026 debite
392 2990 407 3024 n
427 2978 484 3026 loro
509 2990 557 3038 per
580 2989 672 3025 mone
697 2974 731 3024 de
757 2983 846 3024 notura
869 2989 886 3024 o
903 2975 940 3023 sie
955 2973 1000 3024 de'

134 3058 201 3106 nitro
216 3054 332 3106 subsidio
355 3055 390 3105 de
414 3056 473 3105 beni
491 3056 539 3105 cite
556 3054 617 3104 lorsi
633 3069 666 3118 ge
682 3053 797 3118 podesse
812 3061 949 3117 aspectare
965 3054 989 3102 in

135 3136 152 3185 li
169 3148 226 3199 nrey
242 3135 311 3194 beni.
328 3149 347 3184 o
361 3136 400 3185 sle
415 3143 488 3198 porte
504 3134 539 3184 de
555 3136 634 3197 quelli
650 3133 763 3184 volendo
779 3147 795 3183 e
812 3132 989 3184 contendendo

135 3217 185 3265 elie
208 3214 243 3266 de
262 3223 365 3278 questo.
384 3217 440 3265 loro
457 3228 610 3278 romagnano
627 3214 739 3264 contenti
756 3227 772 3262 e
789 3227 846 3277 rney
862 3227 912 3263 non
930 3227 989 3276 pos-

134 3308 198 3344 snno
223 3295 311 3345 venire
335 3303 424 3344 contre
448 3297 471 3344 le
494 3292 547 3343 dite
570 3295 618 3343 min
641 3291 787 3342 voluntede.
815 3293 878 3342 ltern
903 3294 989 3356 volgio

134 3373 236 3424 ordeno
251 3389 267 3424 e
283 3373 410 3424 contendo
426 3377 475 3425 cite
492 3375 569 3423 niuno
585 3371 620 3423 de
638 3372 797 3435 linirescn'pti
814 3386 872 3435 ntey
890 3373 988 3437 heredy

135 3469 151 3504 e
174 3454 318 3505 successori
343 3467 393 3503 non
417 3467 530 3517 posseno
547 3466 602 3516 rnny
618 3466 667 3515 per
682 3454 775 3501 elcuno
790 3458 887 3514 tempo,
906 3465 922 3501 e
940 3466 988 3514 per

133 3535 223 3584 etcum
246 3533 394 3586 conditione
422 3532 539 3585 vendere
568 3546 602 3583 ne
626 3533 739 3581 elienere
766 3544 800 3581 ne
828 3539 985 3594 permittere,

850 3638 880 3686 k.
