2850 4694
839 582 895 637 202

439 744 612 845 dignitatis
625 762 662 820 et
673 747 891 822 excellentiae
903 747 1114 845 expectatio,
1123 762 1291 844 expecta·

440 862 568 937 tionem
578 886 662 936 vero
670 878 810 960 superet
819 861 1106 955 admiratio,etsic
1114 861 1292 960 pretiosis·

439 978 532 1056 simis
544 978 645 1053 animi
663 997 699 1053 et
717 979 1011 1078 magnanimitatis,
1030 978 1230 1078 integritatis
1247 1001 1291 1052 ac

440 1094 635 1172 devotionis
661 1098 838 1171 thesauros
855 1095 1052 1195 depromes,
1071 1094 1193 1194 quibus
1211 1118 1291 1192 per-

414 1235 425 1291 t
441 1228 535 1287 mota
548 1212 702 1287 universa
713 1212 832 1287 civitas
842 1230 968 1303 nostra,
988 1211 1161 1288 universus
1177 1212 1293 1284 clerus

439 1353 536 1404 suum
551 1329 642 1402 bene
658 1327 793 1403 vivendi
812 1327 875 1402 iter
893 1327 1025 1402 auxerit
1042 1327 1075 1400 in
1092 1326 1176 1403 dies.
1198 1326 1291 1401 Nam

440 1445 468 1520 si
494 1446 683 1544 priscorum
706 1461 742 1518 et
768 1443 931 1519 maiorum
959 1461 1151 1521 nostrorum
1178 1440 1292 1543 posita

441 1577 522 1636 ante
538 1562 660 1636 oculos
678 1586 746 1634 non
769 1585 887 1658 parum
914 1558 958 1634 ad
989 1561 1079 1634 bene
1109 1556 1291 1634 vivendum

441 1677 625 1753 conferunt
649 1678 819 1773 exempla,
845 1693 975 1775 quanto
1006 1675 1112 1775 magis
1142 1692 1200 1750 tua
1230 1697 1293 1746 no·

401 1816 431 1854 10
443 1794 495 1870 bis
532 1792 687 1892 proderit
731 1793 925 1892 praesentia,
960 1817 1040 1891 quoe
1075 1817 1138 1890 per
1170 1814 1294 1866 omnes

443 1910 521 1985 vitoe
541 1908 667 2009 gradus
688 1910 779 1983 bene
804 1933 846 1984 ac
865 1910 966 1983 beate
984 1909 1214 1983 ambulantem
1242 1906 1293 1979 in·

443 2026 528 2101 tueri
554 2042 590 2100 et
615 2026 840 2123 contemplari
863 2024 991 2114 licebit,
1015 2026 1127 2099 bonos
1149 2021 1293 2111 tuendo,

442 2142 623 2242 egentibus
648 2160 684 2216 et
705 2141 913 2240 pauperibus
931 2139 1060 2215 Christi
1078 2135 1294 2237 opitulando,

442 2283 630 2357 oppressos
639 2256 817 2355 erigendo,
828 2255 1043 2330 facinorosos
1052 2252 1295 2354 deprimend0,

402 2395 428 2450 ¹5
443 2376 522 2448 loca
535 2373 693 2473 religiosa
704 2371 897 2448 visitando?
928 2373 1023 2473 Quae
1040 2395 1118 2445 cum
1136 2394 1157 2447 a
1175 2387 1296 2446 tenera

444 2515 553 2589 usque
573 2506 677 2565 aetate
694 2512 860 2564 exercere
877 2487 996 2562 solitus
1011 2486 1069 2578 sis,
1087 2511 1156 2561 non
1174 2484 1295 2563 mirum

443 2622 508 2697 est,
517 2606 544 2681 si
556 2608 734 2681 Romanus
746 2603 919 2695 Pontifex,
931 2603 960 2680 si
969 2600 1203 2679 Cardinalium
1217 2624 1296 2676 coe·

445 2739 509 2812 tus,
526 2722 555 2796 si
582 2724 741 2796 Romana
766 2719 918 2795 ecclesia
942 2737 977 2793 te
1008 2715 1236 2793 oudinum·
1259 2733 1297 2791 et

446 2838 656 2937 Episcopum
670 2855 832 2927 nostrum,
843 2853 879 2911 te
891 2833 1138 2924 Camerarium‚
1148 2831 1297 2908 telice-

493 3076 528 3137 (a)
551 3089 632 3140 super
655 3084 696 3126 est
720 3076 783 3126 GM.
818 3075 852 3138 (a)
868 3075 909 3135 ac]
931 3083 957 3124 et
983 3074 1016 3122 G.
1047 3071 1083 3142 (4)
1107 3073 1243 3122 thezauros
1260 3071 1296 3131 G,

446 3164 564 3208 tesauros
589 3157 627 3208 Μ.
661 3157 696 3219 (ὁ)
711 3163 821 3220 augeant
844 3155 873 3214 Β,
896 3161 989 3218 augeat
1017 3154 1045 3202 V.
1090 3151 1124 3214 (7)
1148 3151 1184 3213 et]
1208 3163 1241 3200 ac
1264 3150 1296 3212 c,

445 3245 489 3288 aut
505 3239 557 3287 EV.
592 3236 642 3300 (ιο)
658 3250 736 3299 quem
750 3250 799 3299 per
809 3234 868 3285 CM.
903 3234 952 3297 (ιι)
962 3233 1048 3295 beate]
1058 3233 1134 3282 beate
1147 3229 1248 3280 vivendi
1257 3232 1296 3281 M.

448 3316 497 3381 (ιι)
524 3317 560 3378 et]
588 3324 632 3366 aut
658 3316 719 3366 CM.
754 3314 918 3378 complectari
946 3315 998 3363 EV.
1041 3313 1066 3361 b.
1095 3311 1192 3361 seilicet
1220 3319 1237 3359 t.
1267 3312 1296 3358 V.

448 3397 605 3462 (salegentis
617 3397 649 3445 G.
683 3395 784 3446 acCM.
819 3408 844 3457 p.
860 3402 887 3444 et
898 3393 1013 3443 tristibus
1024 3393 1087 3455 opit.
1102 3393 1135 3441 G.
1168 3390 1297 3453 (todem

446 3478 519 3540 prim.
538 3478 571 3527 G.
605 3476 655 3538 (ις)
668 3476 771 3525 visitare
788 3474 852 3524 ΟΜ.
886 3472 934 3536 (17.
947 3473 984 3537 ιθ)
1001 3472 1125 3522 entus&
1159 3470 1299 3534 (allsaell

449 3557 524 3607 etiam
539 3556 569 3606 c
604 3555 654 3619 (ι9)
665 3563 692 3604 te
708 3554 821 3604 aedesio
837 3553 917 3604 vioao
936 3552 966 3602 c
