2850 4694
667 550 738 601 [ΧΠ

273 711 364 786 curis
397 710 541 787 abiectis
575 710 638 785 soli
669 711 814 785 Christo
838 728 875 786 et
900 712 1023 787 luturae
1050 730 1131 811 post

274 843 420 902 mortem
445 827 526 902 vitoe
550 827 643 901 vixit.
672 830 801 926 Neque
828 826 892 901 iam
920 844 956 901 ut
980 829 1130 926 eleganti

274 942 438 1017 leviorum
460 942 682 1041 epistolarum
700 942 874 1018 scribendi
893 944 1025 1018 ratione
1043 944 1130 1019 doc·

273 1076 385 1132 torum
414 1058 562 1133 virorum
589 1060 743 1156 plausum
774 1059 952 1140 excitaret.
979 1059 1127 1147 curavit3

272 1172 375 1249 etium
391 1176 602 1266 Fuscaren0,
621 1199 773 1271 quocum
791 1176 870 1249 solo
888 1174 932 1248 illi
942 1175 1128 1251 litterarum

272 1289 521 1365 commercium
564 1288 757 1364 intercessit
800 1315 867 1364 non
902 1314 948 1364 eo
982 1291 1130 1367 consilio

272 1404 421 1502 scripsit,
450 1422 486 1479 ut
506 1405 599 1503 apud
618 1421 777 1502 posteros
795 1404 931 1478 laudem
949 1405 1013 1479 sibi
1033 1431 1129 1503 quae-

273 1537 375 1610 reret,
394 1519 458 1594 sed
484 1537 520 1593 ut
546 1519 696 1594 iucunda
720 1519 818 1594 simul
844 1537 881 1593 et
905 1520 1041 1595 salutari
1068 1521 1127 1595 viri

271 1635 525 1712 consuetudine
548 1653 709 1727 uteretur,
745 1636 803 1733 qui
830 1652 1046 1735 quantopere
1076 1663 1129 1712 sa-

272 1777 406 1827 crarum
449 1752 634 1826 litterarum
676 1751 791 1825 studio
824 1769 1015 1850 sanctaque
1049 1751 1129 1827 vitoe

273 1867 407 1943 ratione
460 1866 692 1942 delectaretur
742 1866 918 1964 cognitum
966 1867 1127 1942 habebat

273 1982 383 2085 Quod
406 1982 434 2057 si
462 1985 679 2057 Fuscarenus
708 1982 811 2083 etiam
841 2008 871 2057 a.
914 2002 999 2084 1453
1038 1983 1128 2081 peri·

273 2097 477 2173 tissimorum
507 2098 654 2173 virorum
685 2098 813 2172 litteras
839 2123 883 2172 ex
901 2097 1000 2172 variis
1017 2097 1128 2173 diver·

271 2213 481 2311 sissimisque
510 2215 598 2289 locis
627 2213 672 2288 ad
702 2217 827 2289 lsotam
857 2213 983 2288 deferri
1001 2231 1038 2289 et
1054 2214 1128 2289 eius

273 2331 519 2428 responsiones
551 2329 682 2404 avidius
717 2355 820 2427 quam
863 2328 945 2404 olim
985 2330 1127 2429 Sibylla·

273 2472 345 2520 rum
372 2445 516 2520 consilia
540 2445 717 2543 expectari
744 2462 780 2519 et
806 2446 950 2544 proferri
973 2462 1125 2536 testatur,

272 2563 342 2637 hoc
359 2562 403 2636 ad
421 2564 523 2636 lsotae
548 2560 819 2636 adolescentiam
845 2577 1006 2660 spectare
1030 2560 1126 2635 vide-

272 2694 336 2766 tur,
354 2702 421 2752 nec
443 2677 540 2776 quod
566 2681 656 2752 lsota
682 2677 809 2751 eodem
837 2678 913 2774 ipso
938 2702 1030 2752 anno
1057 2702 1125 2752 non

271 2795 380 2869 solum
398 2794 518 2868 litteris
535 2794 597 2868 sed
615 2793 718 2868 etiam
733 2793 885 2868 carmine
905 2793 1036 2892 scripto
1058 2796 1127 2868 Fu-

271 2933 451 2983 scarenum
479 2926 515 2983 ut
540 2913 713 2983 Veronam
747 2909 879 2983 veniret
903 2933 1128 2985 commovere

271 3025 387 3113 voluit,
406 3024 490 3098 levis
516 3024 616 3098 animi
639 3049 717 3100 esse
734 3025 927 3101 credemus.

320 3141 434 3213 Semel
453 3156 582 3213 tantum
600 3144 692 3215 lsota
709 3142 802 3239 prior
826 3140 872 3215 ad
897 3141 1046 3238 aliquem
1073 3142 1127 3215 lit·

272 3270 362 3328 teras
392 3254 498 3329 dedit.
527 3254 596 3329 Sed
623 3256 680 3329 hic
715 3281 783 3330 non
806 3257 889 3330 levis
911 3256 1125 3331 saecularium

271 3369 455 3443 litterarum
468 3386 631 3459 sectator,
642 3395 758 3444 verum
773 3372 957 3468 theologus
966 3387 1002 3444 et
1009 3394 1126 3446 sacer·

272 3483 337 3558 dos
344 3484 570 3582 gravissimus,
579 3485 1126 3577 MatthaeusBossus,Canonicus
