2850 4694
535 629 585 689 173

132 779 329 868 Antonium,
352 779 407 853 cui
433 804 478 853 ex
505 779 675 877 Hispania
693 780 848 854 redeunti
867 806 987 856 ornnes

133 893 301 991 primores
327 893 474 969 civitatis
501 919 602 991 quam
622 898 726 993 longe
752 896 888 971 obviarn
907 921 987 994 pro-

133 1033 284 1100 cessere,
313 1012 433 1083 horum
456 1027 570 1084 autem
595 1013 718 1085 Caesar
740 1028 867 1109 praeter
892 1028 988 1086 cete-

133 1149 189 1198 ros
223 1150 358 1200 summo
393 1125 425 1198 in
460 1128 593 1200 honore
629 1127 761 1224 recepit
789 1129 985 1201 Antonium.

134 1241 351 1337 Eloquentiae
364 1265 458 1331 vero,
475 1266 543 1338 qua
561 1243 739 1339 plurimum
759 1244 881 1340 polles,
901 1244 989 1317 inter
1020 1273 1028 1322 ι

133 1373 185 1431 tot
202 1357 453 1454 occupationes
476 1374 550 1432 tuas
576 1383 640 1456 per
664 1359 776 1433 varios
794 1383 906 1448 casus,
924 1385 987 1457 per

134 1488 185 1546 tot
215 1472 411 1546 discrimina
441 1498 553 1546 rerum
585 1491 714 1548 tantum
744 1500 865 1572 operae
889 1474 988 1548 adhi-

133 1587 246 1678 buisti‚
274 1604 310 1661 ut
336 1614 404 1662 non
431 1589 601 1663 immerito
618 1589 733 1664 studio
751 1615 794 1664 ac
812 1590 988 1689 diligentia

134 1719 191 1777 tua
220 1703 264 1777 ad
291 1705 578 1802 perfectissimum
605 1705 686 1779 illud
712 1705 852 1780 dicendi
877 1731 987 1804 genus

133 1820 340 1916 perveneris.
369 1820 565 1895 Intellexisti
583 1821 686 1912 enim,
705 1839 833 1918 quanta
849 1823 893 1896 sit
910 1847 987 1896 ora·
1003 1849 1033 1886 ιο

134 1935 234 2009 tionis
260 1936 320 2026 vis,
347 1961 416 2033 qua
439 1960 482 2009 ne
506 1936 659 2010 maximis
678 1936 818 2034 quidem
838 1938 987 2012 inbellis

132 2076 236 2148 aequo
253 2051 369 2125 animo
383 2077 502 2126 carere
517 2053 696 2150 quisquam
711 2072 837 2151 potest.
857 2056 988 2127 Ferunt

136 2167 341 2266 Pompeium
376 2192 454 2241 curn
482 2169 514 2240 in
540 2193 586 2243 eo
612 2168 751 2266 proelio,
783 2170 878 2265 quod
909 2172 987 2242 Du·

134 2282 240 2355 rachii
274 2283 495 2358 commissum
521 2302 585 2374 est,
613 2283 657 2357 ad
684 2309 832 2382 pugnam
859 2286 986 2358 cohor-

134 2397 240 2472 tando
282 2398 405 2472 milites
444 2399 525 2472 nihil
559 2399 759 2497 profecerit,
793 2400 1028 2479 orationem1t

135 2513 293 2588 habuisse
311 2513 356 2587 de
375 2514 543 2605 libertate,
558 2515 603 2589 de
622 2515 755 2605 virtute,
770 2515 815 2589 de
829 2531 986 2590 contern-

135 2628 248 2703 nenda
258 2647 380 2722 morte,
399 2630 444 2704 de
461 2632 581 2729 gloria,
599 2649 636 2706 et
653 2648 756 2729 prout
768 2649 907 2729 tempus
925 2655 986 2729 pa-

133 2745 282 2820 tiebatur
299 2746 470 2822 disserens
488 2747 534 2821 ita
550 2748 683 2822 animos
701 2746 841 2821 militurn
858 2770 986 2821 accen·

179 2947 213 3012 (1)
239 2949 393 2998 Anthonium
422 2951 479 2998 GV.
526 2949 646 3012 hyspania
670 2948 699 2998 G
754 2947 788 3011 (a)
813 2947 924 3010 primarii
950 2949 984 2999 G.

134 3030 233 3093 longius
244 3031 271 3076 V.
291 3027 324 3092 (3)
337 3030 468 3078 interc.l'.
498 3029 532 3092 (a)
546 3029 700 3080 Anthonium
710 3030 743 3078 G.
769 3028 940 3092 (slqueplur.
953 3029 983 3078 C.

135 3108 169 3173 (7)
190 3123 273 3172 opere
297 3118 393 3159 tanturn
419 3110 482 3159 GM.
528 3109 560 3172 (7.
576 3110 601 3173 8)
615 3108 759 3172 adhybuisti
777 3109 808 3159 C.
842 3106 875 3173 (8)
893 3109 917 3157 in
934 3123 986 3157 me·

135 3189 184 3238 rito
198 3191 235 3239 M.
271 3191 397 3253 elegantia
417 3191 444 3238 V.
479 3189 528 3253 (ιο)
546 3181 680 3239 intelexisti
699 3190 728 3238 C.
763 3188 812 3253 (ιι)
824 3189 982 3239 maximase

134 3268 312 3333 iniquisque
334 3272 361 3318 V.
395 3278 485 3332 posset
502 3270 532 3320 C.
567 3269 615 3333 (ι4)
629 3284 754 3333 pungnam
771 3270 809 3319 Μ.
844 3268 894 3332 (ις)
911 3268 985 3318 nichil

135 3351 165 3409 C,
185 3352 217 3399 nil
246 3353 273 3400 V.
317 3351 484 3413 proiecerunt
506 3350 536 3399 <2
571 3348 620 3413 (ιὸ)
644 3349 679 3398 de
703 3352 758 3398 ante
781 3358 849 3398 cont.
875 3362 922 3398 om.
950 3349 983 3398 G.

135 3429 183 3492 (to.
202 3432 240 3496 17)
265 3430 427 3480 contenenda
448 3430 479 3490 C,
498 3428 704 3492 contempnenda
726 3430 762 3478 Μ.
808 3429 985 3492 (17ltentpusl

137 3511 203 3572 ipsas
228 3512 265 3559 M.
310 3510 359 3574 (ra)
384 3511 480 3561 animus
506 3511 569 3564 GM.
611 3522 720 3563 acensus
744 3516 784 3561 cst
805 3509 835 3569 C.
862 3521 986 3562 accensus

137 3600 176 3641 cst
194 3593 256 3642 GM.
