2850 4694
676 639 710 707 75

267 796 488 871 consessione
523 796 673 868 omnium
709 796 929 869 abstulerunt.
968 796 1117 893 Reliqua

268 937 333 987 una
358 928 394 985 et
418 913 493 985 sola
513 927 652 1008 superat
669 910 838 985 doctrinae
855 928 891 984 et
907 911 1117 1008 eloquentiae

265 1029 386 1127 gloria,
412 1054 515 1126 quarn
541 1046 577 1101 et
603 1028 709 1125 ipsam
737 1053 799 1126 per
824 1046 859 1101 te
877 1029 976 1102 nobis
993 1028 1116 1102 auserri

265 1161 302 1218 et
326 1144 371 1219 ad
390 1148 569 1218 Romanos
595 1142 720 1216 deserti
742 1142 855 1233 video,
884 1161 919 1216 ut
945 1144 1025 1215 nihil
1051 1143 1115 1216 iam

267 1260 455 1358 praecipuae
468 1258 678 1356 laudisapud
687 1276 822 1333 nostros
840 1259 1115 1356 relinquatur.-—
1148 1282 1158 1336 ι

269 1375 477 1450 Hominibus
496 1374 618 1449 nostris
636 1392 764 1447 tantum
782 1375 919 1449 attulisti
941 1374 1117 1448 adiumen-

267 1507 348 1581 tum,
388 1508 423 1564 ut
462 1516 530 1564 non
560 1489 666 1564 modo
696 1493 900 1564 Graecarum
931 1491 1135 1564 litterarum

266 1607 379 1696 rudes,
397 1606 504 1681 sedet
521 1606 617 1679 docti
636 1632 704 1679 non
723 1631 841 1703 parum
859 1631 897 1679 se
914 1606 1117 1680 arbitraren-

266 1739 319 1796 tur
335 1723 493 1819 adeptos.
511 1725 638 1795 Nonne
652 1747 773 1796 omnes
787 1723 851 1795 tuis
864 1722 1015 1796 consiliis
1028 1748 1116 1820 prae·

266 1837 448 1936 ceptisque
465 1839 745 1934 obtemperantes
759 1838 1057 1934 praestantissimos
1073 1863 1115 1912 ac
1132 1859 1163 1896 ¹⁰

265 1953 452 2051 singulares
477 1953 571 2026 cives
596 1978 635 2026 se
660 1954 840 2051 praebent?
868 1955 1003 2028 Omnes
1025 1954 1114 2027 enim

266 2069 454 2143 Ferrariam
489 2067 717 2141 felicissimam
752 2070 927 2165 appellant
967 2094 1116 2167 eamque

265 2185 387 2258 merito
421 2209 485 2258 suo
523 2182 679 2256 laudibus
712 2183 745 2255 in
780 2186 902 2258 caelum
937 2187 1115 2275 extollunt,

265 2324 368 2398 quam
394 2299 584 2372 Guarinum
606 2301 842 2372 Veronensem
860 2300 993 2396 gremio
1011 2325 1116 2374 exce·

266 2415 357 2513 pisse
384 2440 451 2487 non
478 2414 595 2511 piguit.
626 2416 754 2487 Nonne
775 2415 803 2487 si
823 2415 1011 2488 Ferrariam
1030 2434 1157 2489 con-15

265 2529 420 2627 temptari
450 2530 616 2617 volumus,
642 2554 718 2603 earn
754 2547 926 2627 tamquam
963 2531 1116 2605 Platonis

312 2706 347 2770 (1)
359 2706 546 2755 contessionem
567 2708 594 2755 V.
640 2706 716 2769 (alac
731 2709 759 2766 L,
777 2721 847 2756 omm.
865 2709 919 2756 CR.
953 2710 1008 2758 sola
1023 2722 1069 2757 om.
1086 2709 1113 2756 L.

265 2788 439 2849 supereratF.
466 2786 582 2836 doctrina
591 2787 620 2835 C.
656 2789 752 2849 elloqu.
764 2789 794 2836 R.
822 2790 855 2848 (2.
868 2790 889 2850 ι)
899 2790 931 2850 gl.
950 2797 975 2836 et
988 2790 1075 2851 eloqu.
1086 2790 1113 2836 L.

266 2868 301 2929 (3)
326 2875 400 2929 parte
425 2867 455 2923 C.
482 2875 580 2929 partem
605 2868 631 2914 L.
673 2881 688 2914 a
713 2868 788 2916 nobis
803 2882 853 2931 per
869 2877 894 2917 te
910 2870 941 2917 R.
975 2869 1064 2917 aufferi
1086 2870 1112 2926 L,

265 2947 369 2995 aufferri
393 2949 445 2997 PR.
489 2946 523 3009 (4)
547 2946 651 2995 defferri
675 2949 694 2994 L
717 2949 740 2995 el
762 2960 790 2995 ex
814 2949 897 2995 afferri
922 2948 949 3006 V,
968 2947 1064 2996 differri
1082 2950 1112 2997 R.

266 3028 300 3089 (ὁ)
328 3027 523 3088 nominibusque
549 3027 603 3083 CR,
631 3027 825 3088 hominibusque
845 3028 893 3086 PL,
921 3027 1063 3076 nominibus
1086 3030 1114 3076 P.

266 3107 346 3156 attulit
374 3109 399 3156 P.
442 3107 603 3156 adinventum
624 3109 649 3155 L.
693 3107 727 3170 (7)
752 3121 801 3156 non
825 3121 895 3155 onim.
922 3107 969 3156 FP.
1018 3108 1051 3170 (8)
1076 3117 1115 3156 set

269 3187 298 3245 V,
317 3195 343 3235 et
366 3189 393 3235 P.
420 3195 446 3234 et
470 3201 516 3235 om.
543 3189 569 3234 L.
602 3188 640 3246 se}
664 3200 723 3235 esse
749 3188 779 3235 R.
819 3187 973 3235 arbitrantur
993 3189 1021 3245 L,
1050 3188 1116 3235 arbi·

266 3275 365 3316 tuentur
381 3269 407 3316 P.
441 3265 473 3329 (9)
492 3281 559 3316 οιιιιι.
584 3281 655 3316 cons.
675 3281 713 3328 pr.
732 3268 781 3316 tuis
798 3270 829 3316 R.
872 3266 921 3329 (ιο)
949 3277 1063 3330 optemp.
1083 3268 1113 3317 C.

266 3348 316 3410 (ιι)
333 3362 362 3396 se
379 3348 449 3397 cives
460 3349 487 3395 L.
522 3347 571 3411 (ιι)
588 3347 703 3395 serarium
715 3349 745 3407 C,
764 3362 808 3395 om.
823 3349 854 3396 R.
869 3348 943 3396 sellie.
957 3349 986 3406 C,
1006 3348 1065 3396 loel.
1086 3350 1113 3396 V.

265 3429 402 3491 appellavit
418 3428 449 3477 C.
468 3441 552 3490 eaque
565 3429 592 3475 V.
627 3429 648 3490 (1
655 3427 676 3489 3)
693 3429 746 3476 suis
763 3429 817 3477 CR.
837 3429 859 3475 in
873 3430 1017 3476 caelumom.
1031 3428 1058 3476 F.
1072 3443 1115 3477 co·

265 3510 317 3556 lum
333 3510 360 3556 P.
379 3509 507 3556 extollitur
523 3510 550 3556 L.
569 3509 705 3569 (tqlquem
716 3510 743 3556 P.
778 3507 827 3570 (ις)
841 3509 916 3557 Nunc
927 3509 947 3557 si
959 3510 986 3557 P.
999 3508 1114 3557 ferarium

268 3587 321 3636 CR.
356 3589 404 3651 (ις.
418 3590 454 3651 16)
467 3590 641 3648 contemplare
659 3587 685 3635 F.
709 3589 759 3650 (16,
771 3589 897 3637 voluimus
911 3589 939 3648 F,
958 3590 1065 3637 volimus
1082 3590 1113 3637 R.
