2850 4694
672 606 703 665 33

264 760 359 833 tione
385 760 547 833 excitare.
584 759 649 833 l-lis
678 785 765 855 opus
783 777 836 833 est
857 760 914 856 qui
932 760 1017 833 alios
1035 761 1116 833 velit

263 876 381 973 aliquo
412 892 516 973 pacto
546 875 717 948 exhortari
748 874 848 948 dictis
884 875 1115 973 undequaque

264 992 356 1065 lacta
373 990 617 1088 respondeant,
635 1006 670 1061 et
688 1013 766 1063 cum
786 990 817 1062 in
836 991 975 1088 propria
987 991 1115 1064 veloci-

264 1123 335 1181 tate
352 1107 564 1195 sordescam,
582 1131 644 1179 vos
658 1123 783 1202 sponte
796 1123 974 1180 currentes
991 1106 1116 1181 viribus

264 1222 349 1295 meis
367 1222 528 1296 adiuvare
542 1246 610 1294 non
625 1244 774 1316 possem.
797 1221 962 1294 Nondum
980 1246 1116 1319 gressus
1149 1246 1157 1293 ι

265 1362 363 1411 meos
380 1362 424 1411 ex
442 1361 585 1410 carcere
603 1335 760 1409 virtutum
772 1337 988 1427 exsuscitem,
1003 1337 1117 1410 adhuc

265 1452 297 1524 in
317 1452 398 1526 limo
411 1452 555 1526 desidiae
573 1454 771 1550 languesco,
791 1455 864 1526 Vos
881 1453 962 1526 satis
981 1470 1118 1526 moveat

265 1568 300 1642 id
317 1570 413 1666 quod
430 1571 521 1643 solet
537 1593 614 1643 esse
640 1568 870 1642 dulcissimum
890 1569 1116 1642 virtuosorum

265 1686 438 1759 hominum
465 1686 639 1782 pabulum,
670 1688 741 1759 laus
770 1684 903 1758 scilicet
932 1703 968 1758 et
996 1683 1116 1783 gloria,

265 1825 345 1898 quae
371 1825 448 1874 cum
475 1826 496 1874 a
522 1800 742 1898 magnanimis
768 1800 845 1874 viris
876 1817 1058 1898 tantopere
1075 1800 1118 1874 sit
1134 1822 1163 1856 10

264 1917 473 2015 expetenda,
499 1935 552 1989 est
577 1942 597 1990 a
622 1917 720 1990 vobis
745 1941 870 2014 magno
888 1917 1001 1990 animo
1019 1940 1116 1989 com-

265 2032 460 2129 plectenda.
490 2034 537 2105 Ea
555 2050 608 2105 est
626 2058 679 2105 res
697 2032 856 2129 quaedam
875 2031 986 2105 solida
1003 2048 1039 2104 et
1055 2056 1116 2104 ex·

266 2173 394 2245 pressa,
422 2165 456 2220 et
483 2148 568 2221 illius
598 2148 783 2245 popularis,
802 2174 882 2245 quae
913 2149 1115 2245 plerumque

265 2281 490 2362 peccatorum
521 2265 749 2361 vitiorumque
785 2264 949 2338 laudatrix
979 2264 1115 2338 simula-

264 2379 360 2453 tione
378 2380 564 2454 honestatis
581 2405 718 2453 omnem
737 2380 811 2453 eius
829 2379 1114 2477 pulchritudinem
1133 2398 1157 2447 ιι

264 2495 464 2593 corrumpit,
496 2495 640 2568 inimica.
674 2497 722 2568 Ea
748 2494 981 2583 consentiens,
1009 2493 1115 2589 inquit

264 2609 408 2698 Cicero,
436 2612 507 2684 laus
534 2610 702 2682 bonorum
725 2610 923 2707 incorrupta
939 2635 1006 2683 vox
1025 2608 1115 2682 bene

264 2725 485 2800 iudicantium
505 2726 550 2799 de
572 2728 767 2800 excellente
792 2726 925 2814 virtute,
944 2749 987 2799 ea
1004 2725 1114 2798 virtuti

310 3001 344 3063 (ι)
369 3002 416 3051 hiis
441 3002 498 3052 CG.
541 3000 575 3066 (a)
602 3008 682 3051 exort.
710 3000 740 3050 C.
789 3001 934 3062 undequam
944 2998 973 3058 C,
994 2998 1116 3061 undiqua-

264 3095 318 3144 que
335 3083 372 3131 M.
407 3082 530 3144 (4Jstord.
545 3083 572 3129 V,
602 3082 635 3144 (ς)
652 3080 793 3130 vosadiuv.
808 3081 841 3129 G.
876 3079 911 3143 (6)
923 3079 1070 3129 exsuscitari
1084 3079 1113 3137 C,

264 3162 479 3212 exuscrnvrcm.
514 3161 660 3225 (munuc
696 3161 729 3224 (a)
742 3174 802 3209 esse
813 3174 859 3209 om.
873 3161 910 3208 Μ.
946 3158 979 3219 ιι)
995 3159 1115 3220 aunuum

264 3242 400 3291 nscilicet
414 3256 460 3291 om.
486 3241 515 3291 C.
556 3241 606 3305 (ιο)
625 3248 696 3290 tanto
721 3255 803 3303 opere
820 3240 851 3298 C,
876 3253 1034 3303 magnopere
1049 3240 1113 3287 GM.

264 3320 315 3384 (ιι)
332 3322 491 3384 expectanda
508 3321 538 3371 C·
573 3319 938 3385 (11.12)eomemplandeC.
973 3318 1023 3382 (ιι)
1046 3332 1116 3380 quae-

263 3401 375 3450 dentes
385 3402 447 3450 GM.
478 3402 552 3450 solita
561 3401 615 3450 CV·
650 3399 892 3464 (13)p0pularisque
902 3401 936 3462 pl.
948 3399 978 3448 C.
1012 3397 1062 3462 (14)
1071 3413 1116 3461 pe·

264 3495 353 3530 corum
372 3483 405 3531 G.
431 3483 479 3530 vic.
499 3483 562 3540 GM,
597 3482 761 3543 virorumque
784 3482 809 3528 V.
844 3479 894 3542 (ις)
911 3479 1011 3542 pulerit.
1027 3479 1114 3528 CGM.

264 3559 315 3624 (ro)
334 3561 420 3623 inquit
436 3562 465 3611 C.
501 3560 550 3624 (17)
566 3562 689 3611 bonarum
711 3563 737 3610 V.
772 3559 822 3625 (ιθ)
837 3560 971 3629 excellenti
990 3560 1022 3608 G.

318 3677 617 3738 rmxogmreopnr.
997 3677 1007 3724 ι
