2850 4694
868 608 905 667 (n

461 777 663 859 iucunditas,
683 802 813 850 morum
832 777 1014 873 elegantia,
1024 778 1102 850 vitae
1122 777 1310 874 integritas,

460 892 660 990 prudentia,
695 894 852 990 aequitas,
887 892 1071 967 liberalitas
1110 910 1311 991 ceteraeque

457 1007 598 1082 virtutes
617 1008 733 1105 regiae,
753 1032 838 1107 quas
856 1008 914 1104 qui
934 1033 1002 1081 non
1025 1007 1140 1082 laudat
1153 1025 1189 1080 et
1201 1008 1311 1081 admi-

458 1141 548 1197 ratur
576 1125 680 1222 magis
710 1123 842 1197 invidus
867 1140 924 1196 aut
947 1124 1113 1220 malignus
1131 1123 1311 1198 habendus

432 1270 441 1319 ς
458 1257 511 1314 est
528 1265 631 1336 quam
650 1240 708 1337 qui
728 1241 852 1336 probat
870 1256 906 1312 et
920 1237 1089 1336 praedicat
1106 1255 1308 1312 assentator.

458 1355 624 1428 Ceterum
656 1379 734 1428 eum
760 1353 964 1428 discedendi
992 1354 1217 1427 acerbitatem
1245 1378 1312 1427 una

458 1470 651 1544 consolatio
685 1471 847 1561 leniebat,
882 1469 978 1569 quod
1013 1487 1070 1543 tua
1104 1494 1182 1542 cum
1210 1470 1311 1544 venia

457 1586 600 1683 patriam
612 1612 666 1660 me
686 1603 805 1684 petere
823 1587 1076 1682 intellegebam,
1092 1586 1189 1658 euius
1206 1610 1311 1682 spec-

457 1703 606 1776 taculum
636 1727 775 1774 omnem
805 1703 1020 1798 abstergeret
1057 1701 1159 1774 animi
1201 1703 1310 1775 mole-

415 1845 444 1881 ιο
457 1818 567 1906 stiam,
586 1818 689 1913 longe
707 1842 790 1891 vero
807 1842 850 1891 ac
869 1833 1023 1914 putaram
1041 1817 1165 1891 evenit.
1194 1817 1310 1916 Siqui-

456 1931 535 2007 dem
563 1957 641 2006 cum
668 1934 725 2005 hic
752 1958 851 2006 novae
878 1933 1122 2007 familiaritates
1147 1933 1310 2006 ineundae

455 2049 533 2139 sint,
559 2049 603 2122 ad
630 2048 842 2122 recentiores
861 2048 894 2122 id
921 2065 974 2122 est
1003 2048 1046 2122 ad
1071 2047 1308 2121 Ferrarienses

455 2164 586 2237 animus
613 2163 777 2251 llectitur;
807 2189 929 2260 magna
956 2189 1103 2261 namque
1122 2182 1308 2238 consuetu-

455 2279 543 2355 dinis
569 2281 618 2353 vis
643 2297 707 2369 est,
736 2297 771 2353 ut
789 2280 890 2365 nosti,
908 2281 959 2353 vir
977 2280 1169 2375 magnifice.
1198 2279 1253 2353 nd
1271 2296 1306 2354 te

412 2422 437 2468 u
455 2395 608 2493 inprimis
634 2412 708 2469 tota
729 2395 973 2470 recordatione
992 2411 1188 2483 convertor,
1207 2396 1252 2469 ad
1272 2414 1307 2470 te

455 2513 617 2607 respicio,
628 2512 673 2586 de
683 2529 717 2585 te
727 2513 858 2609 cogito,
871 2514 903 2586 in
914 2530 949 2586 te
959 2538 1014 2586 me
1025 2512 1135 2609 ipsum
1149 2513 1306 2603 oblect0,

455 2627 487 2700 in
530 2645 564 2701 te
607 2629 797 2725 praesertim
833 2627 1080 2702 iucundissimo
1114 2627 1306 2703 diversorio

453 2744 662 2840 acquiesco,
693 2761 727 2817 tu
755 2743 835 2816 mihi
863 2760 971 2840 pater,
997 2760 1032 2818 tu
1067 2760 1243 2841 patronus,
1271 2762 1306 2819 tu

454 2861 571 2957 patria.
609 2862 850 2961 Quamobrem
877 2876 912 2932 ut
939 2861 1035 2957 quasi
1063 2885 1216 2958 praesens
1243 2861 1304 2935 tibi

408 2976 652 3073 ²0coniungar,
678 2975 723 3049 ad
762 2978 948 3050 litterarum
984 3001 1089 3073 opem
1125 2977 1304 3074 confugio,

452 3116 593 3190 quarum
612 3092 732 3167 osficio
749 3119 828 3167 cum
842 3094 1021 3166 absentem
1039 3094 1166 3166 absens
1183 3092 1304 3167 audies

451 3224 487 3282 et
511 3207 656 3300 videbis,
684 3236 751 3284 non
778 3210 985 3306 longinquus
1011 3210 1153 3283 omnino
1179 3211 1224 3282 ab
1247 3226 1305 3283 tua

451 3323 704 3421 magnificentia
727 3325 873 3399 videbor
898 3350 985 3398 esse.
1016 3327 1056 3398 Et
1084 3325 1179 3422 quod
1198 3327 1305 3399 maxi·

498 3570 548 3635 (17)
564 3586 603 3634 pr.
621 3572 722 3621 deluo
741 3573 771 3629 C,
788 3585 844 3620 corr.
864 3571 1000 3621 &bladum
