2850 4694
526 608 576 680 ιη

126 788 252 844 nostrae
279 770 405 844 monile
423 771 545 868 vigeat.
573 770 721 844 Accedit
738 788 907 868 praeterea
925 770 975 868 ip-

124 911 239 960 sorum
281 886 469 960 studiorum
503 904 691 960 vestrorum
733 912 852 983 genus,
896 910 975 982 quae

125 1002 340 1076 humanitatis
359 1026 484 1075 nomen
504 1027 571 1074 non
592 1001 760 1075 immerito
776 1002 840 1074 sibi
858 1001 975 1075 vendi·

125 1135 253 1191 carunt
298 1120 333 1189 ln
361 1117 589 1214 quibuscum
616 1116 771 1213 quotidie
797 1117 975 1190 versemini

124 1251 297 1330 tamquam
330 1233 362 1305 in
389 1233 624 1306 amoenissimo
650 1232 850 1321 diversori0,
877 1232 976 1329 quid·
1008 1263 1017 1317 t

125 1374 200 1422 nam
215 1365 268 1422 est
281 1347 377 1445 quod
391 1347 435 1421 ad
449 1373 511 1421 vos
524 1348 676 1422 scribere
691 1351 975 1446 perhorrescam?

125 1465 269 1564 Quippe
296 1464 359 1537 etsi
387 1489 454 1535 non
486 1465 624 1536 multum
652 1465 684 1535 in
712 1465 762 1536 his
787 1463 976 1561 proieceri-

124 1606 208 1670 mus,
227 1596 263 1653 et
280 1605 343 1652 nos
365 1598 478 1652 tamen
507 1579 625 1652 ferulae
652 1603 787 1652 manum
813 1579 977 1652 subduxi-

125 1721 209 1785 mus,
242 1713 277 1769 ut
303 1696 430 1769 Satirus
465 1694 607 1768 diceret.
648 1698 720 1768 Vos
750 1712 911 1791 quantum
943 1696 975 1767 in

124 1811 204 1908 ipsis
234 1810 462 1908 profeceritis,
481 1835 559 1883 cum
590 1811 809 1907 plurimorum
836 1828 872 1884 et
901 1811 976 1908 qui·
992 1841 1022 1877 ιο

123 1927 203 2000 dem
221 1926 496 2000 doctissimorum
523 1926 682 2015 virorum,
710 1944 779 2000 tum
800 1952 882 2000 vero
899 1953 975 2024 gra-

123 2042 247 2116 vissimi
266 2042 324 2114 viri
351 2058 387 2114 et
408 2042 528 2115 summi
551 2042 695 2114 oratoris
717 2041 860 2115 Guarini
887 2067 976 2139 prae·

125 2157 278 2255 ceptoris
308 2157 413 2230 nostri
441 2173 582 2230 testatur
607 2156 780 2246 iudicium,
812 2173 976 2231 testantur

124 2273 198 2369 ipsa
214 2272 343 2369 scripta
360 2289 482 2361 vestra,
510 2297 589 2368 quae
607 2290 703 2346 tanto
729 2275 974 2346 vocabulorum

124 2406 256 2478 ornatu,
276 2406 371 2462 tanto
392 2389 637 2462 sententiarum
655 2405 828 2462 concentu
847 2406 882 2462 et
901 2391 1018 2472 iio-15

125 2530 235 2579 manae
248 2505 373 2601 linguae
387 2504 598 2601 proprietate
612 2503 814 2595 redundant,
831 2521 865 2577 ut
875 2505 976 2579 facile

125 2620 256 2717 possint
273 2619 366 2692 omni
393 2643 471 2692 cum
489 2620 690 2716 antiquitate
712 2638 854 2694 certare.
885 2623 975 2693 Nam

171 2937 205 3001 (1)
222 2945 315 2987 vestro
336 2939 363 2985 V.
397 2937 490 2987 accidit
509 2938 614 3001 propria
628 2940 660 2988 R.
702 2938 736 3003 (ι)
754 2947 831 2987 vestr.
857 2937 924 2987 stud.
943 2940 974 2987 R.

125 3016 158 3081 (3)
176 3018 236 3078 non]
258 3017 306 3065 sibi
328 3019 355 3066 V.
390 3018 447 3066 inm.
467 3020 503 3068 Μ.
538 3019 641 3067 sibiom.
663 3020 690 3066 V.
725 3017 759 3081 (4)
771 3018 898 3079 quottidie
916 3019 974 3076 GV,

126 3096 235 3146 cottidie
247 3099 284 3147 Μ.
303 3097 337 3161 (5)
355 3106 441 3159 tanqu.
461 3101 491 3148 R.
528 3099 560 3160 (ς.
579 3098 712 3162 siquidm]
727 3097 855 3159 quidGV,
874 3099 928 3159 quit
938 3099 974 3147 M.

126 3177 160 3241 (ὁ)
175 3192 227 3240 que
244 3177 335 3226 aducis
351 3191 400 3227 scr.
421 3180 451 3226 R.
487 3179 520 3241 (7)
534 3179 581 3236 hijs
592 3178 649 3227 (ΖΟ.
685 3178 852 3241 proferrimus
869 3178 898 3237 C,
918 3191 977 3240 pro·

124 3258 198 3307 ieter.
213 3259 240 3306 V.
261 3257 294 3321 (8)
306 3257 484 3307 subdussimus
501 3260 532 3317 R,
551 3258 717 3307 subducimus
730 3260 757 3306 V.
785 3257 818 3322 (9)
828 3272 859 3306 ne
870 3267 896 3306 ut
909 3259 977 3307 iuve-

126 3339 187 3386 naiis
204 3346 249 3386 sat.
269 3337 330 3387 dicit
347 3339 379 3387 R.
413 3348 512 3401 satyrus
529 3339 567 3387 Μ.
586 3338 655 3387 dicet
676 3341 703 3386 V.
738 3338 788 3402 (to)
801 3339 839 3386 his
851 3340 882 3386 R.
916 3352 976 3401 pro·

126 3418 249 3467 iectoritis
265 3418 295 3478 C,
316 3419 469 3479 proficeritis
492 3419 519 3466 V.
554 3428 605 3466 tum
623 3419 686 3468 GM.
717 3417 973 3482 (10.11)quidamC,

125 3507 207 3545 tamen
217 3498 254 3546 M.
280 3496 288 3558 (
292 3501 329 3560 13)
339 3506 447 3546 testatur
459 3499 486 3545 V.
521 3497 571 3561 (ις)
580 3507 701 3548 contentu
711 3499 797 3557 CMR,
809 3509 928 3548 contextu
940 3501 973 3550 G.

124 3576 174 3640 (¹7)
191 3589 248 3625 cum
265 3578 331 3626 omni
353 3578 381 3625 V.
1016 3651 1028 3686 Ι
