2850 4694
668 578 729 630 LXX

274 741 327 816 rio
368 756 513 815 consuta
554 739 706 835 rarisque
747 735 911 811 orationis
948 733 1129 810 luminibus

275 854 436 930 distincta
460 856 663 944 est,.multo
693 853 831 950 inquam
857 850 964 948 magis
990 853 1129 949 placere

274 971 386 1070 potuit
402 970 467 1045 alia
480 972 581 1043 lsotoe
594 968 751 1066 epistola,
766 992 834 1066 qua
848 969 1027 1041 multorum
1042 965 1129 1040 doc-

274 1103 385 1161 torum
403 1086 550 1160 virorum
573 1088 769 1182 exemplum
788 1082 944 1159 secuta⁸²
964 1085 1126 1157 lacobum

272 1202 457 1277 Antonium
490 1203 707 1286 Marcellum,
742 1202 907 1275 bonarum
943 1199 1126 1273 litterarum

273 1317 441 1392 fautorem
460 1317 619 1390 omnibus
633 1316 855 1406 notissimum,
870 1315 915 1389 de
930 1332 1040 1389 morte
1050 1339 1127 1411 par·

272 1432 338 1505 vuli
353 1432 410 1505 filii
423 1432 562 1520 Valerii,
576 1431 634 1528 qui
650 1449 735 1505 octo
753 1447 881 1505 tantum
901 1455 1009 1504 annos
1027 1447 1126 1504 natus

272 1572 293 1621 e
310 1549 379 1622 vita
395 1547 558 1637 decessit,
569 1550 823 1622 consolabatur.
836 1549 871 1620 ln
891 1572 960 1644 qua
976 1546 1125 1644 epistola

272 1662 445 1760 (Veronae,
473 1665 533 1736 tx.
556 1663 698 1760 Augusti
720 1687 750 1736 a.
783 1664 865 1757 1461
898 1662 989 1751 data)
1006 1686 1125 1736 exem-

272 1779 336 1878 plis
361 1804 404 1854 ex
439 1778 637 1853 auctoribus
675 1778 849 1852 veteribus
882 1794 918 1852 et
947 1802 992 1851 ex
1025 1801 1124 1851 sacra

271 1895 438 1993 scriptura
454 1894 614 1992 apposite
631 1894 752 1985 allatis,
763 1894 887 1992 quibus
896 1919 965 1991 qua
983 1893 1126 1966 luissent

271 2009 400 2107 antiqui
420 2010 545 2083 heroes
571 2010 603 2081 in
631 2011 732 2083 rebus
750 2008 902 2083 adversis
919 2007 1020 2083 animi
1038 2032 1124 2083 con·

271 2125 395 2199 stantia
412 2140 605 2223 appareret,
624 2149 678 2199 res
696 2126 741 2198 ab
757 2149 803 2198 eo
821 2127 988 2223 praeclare
1009 2141 1125 2222 gestas

273 2239 305 2314 ei
332 2240 364 2313 in
390 2240 588 2315 memoriam
616 2239 801 2330 revocavit,
827 2240 951 2337 quibus
973 2265 994 2314 a
1019 2240 1125 2314 nimio

274 2380 418 2429 maerore
441 2355 582 2429 muliere
600 2381 668 2429 non
687 2356 760 2429 viro
777 2355 885 2454 digno
901 2355 1033 2430 animus
1050 2355 1125 2431 eius

273 2471 511 2545 abduceretur.

323 2589 407 2687 Qua
438 2611 475 2660 re
510 2586 627 2660 illustri
660 2611 744 2661 sane
777 2589 941 2685 exemplo
966 2587 1125 2685 probavit

273 2727 311 2776 se
346 2728 413 2776 non
447 2704 556 2795 solum
591 2726 710 2776 sacros
742 2701 928 2799 scriptores
961 2718 1124 2777 accurate

273 2817 433 2916 cognitos
441 2817 601 2891 habuisse
609 2817 673 2892 sed
682 2817 868 2916 aliquando
876 2817 978 2892 etiam
988 2818 1021 2891 in
1030 2834 1126 2893 vete·

272 2932 365 3006 ribus
396 2932 522 3007 Latinis
543 2932 742 3007 auctoribus
767 2932 938 3008 habitasse
963 2949 999 3007 et
1025 2935 1125 3008 uber-

273 3048 377 3123 rimos
394 3072 438 3122 ex
455 3073 574 3123 eorum
593 3049 744 3123 lectione
766 3049 895 3123 fructus
912 3049 1123 3148 percepisse,

273 3188 453 3261 quoscum
473 3190 541 3237 non
560 3165 592 3237 in
610 3189 711 3239 sacro
724 3165 961 3264 religiosorum
975 3167 1124 3240 virorum

272 3279 423 3354 concilio
441 3280 504 3355 sed
521 3281 613 3379 apud
631 3281 736 3354 virum
755 3282 930 3380 egregium
958 3284 1123 3357 bonarum

273 3394 456 3469 litterarum
471 3396 637 3471 fautorem
651 3414 788 3471 oratura
796 3416 899 3488 esset,
914 3397 1005 3471 haud
1018 3398 1127 3472 verita

273 3525 327 3582 est
357 3509 449 3607 larga
475 3535 574 3584 manu
601 3511 788 3585 lectoribus
814 3510 1019 3587 delibandos
1044 3537 1125 3611 por-
