2850 4694
304 1225 350 1287 (Ex
366 1228 430 1274 valle
446 1227 576 1285 Pottcettu,
594 1227 636 1276 die
655 1229 699 1276 xt.
717 1229 808 1277 mensis
825 1231 948 1279 Octobris
964 1245 987 1279 a.
1008 1233 1086 1294 1436.)

267 1504 436 1579 Guarinus
459 1506 649 1578 Veronensis
665 1506 819 1580 Leonello
843 1509 968 1581 Eslcnsi
979 1509 1120 1609 principi

502 1620 708 1694 illusln'ssirno
724 1625 755 1694 S.
777 1627 814 1695 P.
834 1627 882 1696 D.

343 1953 350 1958 '
447 1959 700 2014 ueaurouraus
749 1933 891 2023 diebus,
952 1937 1157 2033 princepst

470 2050 705 2139 illustrissime,
723 2074 801 2124 cum
819 2076 840 2124 e
868 2051 1024 2125 Ferraria
1041 2050 1116 2124 dul-

469 2165 606 2240 cissima
632 2166 711 2239 mihi
738 2165 883 2252 nutrice,
903 2166 1007 2239 immo
1032 2191 1116 2239 vero

265 2305 329 2378 per
340 2282 564 2378 adoptionem
579 2283 699 2378 patria,
714 2296 858 2354 coactus
871 2280 1001 2354 abirem
1019 2305 1115 2355 com-

266 2397 428 2493 munique
446 2413 577 2471 terrore
596 2397 766 2486 trahebar,
782 2420 903 2492 magna
918 2422 971 2470 me
984 2396 1115 2470 allicie-

266 2512 325 2584 bat
341 2511 522 2608 aegritudo,
541 2512 623 2608 quia
640 2528 692 2586 tot
710 2511 930 2586 familiaribus
948 2528 984 2585 et
996 2512 1115 2586 amicis
1133 2544 1162 2580 ιο

264 2626 406 2701 distrahi
425 2652 480 2701 me
497 2652 628 2701 summa
645 2651 723 2700 curn
743 2627 900 2701 molestia
916 2629 1113 2702 cernebam.

264 2742 470 2817 Accedebat
494 2744 538 2842 ad
565 2741 803 2816 sollicitudinis
826 2767 914 2817 meae
931 2745 1114 2831 cumulum,

265 2858 361 2954 quod
388 2882 452 2955 pro
479 2860 588 2932 morbi
606 2859 803 2956 suspicione
822 2859 949 2932 tamdiu
968 2858 1015 2931 tui
1035 2857 1114 2931 milri

265 2975 452 3048 carendum
480 2990 565 3063 erat,
592 2975 689 3048 cuius
715 2991 876 3072 aspectus
902 2990 1007 3070 atque
1025 2998 1115 3071 prae-

264 3088 375 3163 sentia
392 3090 504 3164 omnis
527 3089 606 3163 mihi
624 3089 753 3164 laetitiae
770 3114 813 3163 ac
831 3088 1015 3187 voluptatis
1033 3090 1114 3162 loco
1131 3122 1156 3173 ις

265 3221 330 3293 est,
385 3221 513 3279 tantum
561 3206 669 3302 pollet
716 3221 774 3278 tua
818 3202 1115 3278 sermocinationis

312 3416 332 3464 E
357 3415 416 3466 cod.
444 3416 530 3464 Ambr.
559 3416 590 3464 C.
619 3426 659 3478 ¹tt
684 3414 728 3479 (C)
751 3415 888 3478 descripsit
905 3414 1037 3478 Remigius
1054 3414 1115 3462 Sab

265 3495 358 3544 bodini.
383 3496 494 3548 Titulum
524 3509 574 3559 ego
596 3494 691 3547 rddidi.
726 3493 775 3560 (υ)
798 3493 905 3547 accedat
931 3495 960 3549 c.
979 3506 1036 3543 corr.
1056 3492 1115 3544 Sub

266 3574 355 3628 hudini.
