2850 4694
655 571 748 615 xtvttt

273 724 492 812 verecundia,
511 749 613 822 quam
633 723 664 796 in
683 722 838 820 epistolis
856 721 1046 796 scribendis
1065 748 1127 821 per

273 865 382 914 annos
409 840 565 938 proxime
584 838 777 936 praeteritos
794 863 933 935 semper
951 839 1126 927 habuerat,

274 955 402 1029 litteras
429 954 585 1029 laudibus
612 956 731 1051 plenas
751 952 795 1026 ad
816 956 1047 1026 Fuscarenum
1066 952 1127 1026 da·

272 1087 325 1144 ret
342 1087 378 1144 et
403 1086 619 1168 quantopere
636 1095 715 1142 eum
733 1071 868 1143 coleret
886 1068 1045 1143 omnibus
1067 1094 1128 1167 pa·

273 1186 450 1260 telaceret
488 1187 604 1259 Multo
637 1185 740 1258 etiam
775 1184 884 1258 minus
923 1185 1126 1275 mirabimur,

274 1300 369 1400 quod
398 1303 613 1375 Fuscarenus
639 1299 862 1373 occasionem
890 1301 1041 1374 oblatam
1067 1324 1128 1373 cu-

274 1416 356 1516 pide
373 1417 550 1515 amplexus
568 1432 621 1489 est
639 1434 675 1490 ut
692 1415 725 1488 in
744 1415 891 1489 mulieris
916 1415 1127 1490 doctissimae

274 1531 533 1607 familiaritatem
550 1532 692 1622 veniret,
712 1556 781 1630 qua
807 1548 986 1629 praeturam
1017 1534 1128 1606 Vero

274 1674 415 1723 nensem
454 1648 691 1722 iucundiorem
734 1673 910 1722 evasuram
949 1673 1027 1722 esse
1061 1672 1125 1722 suo

274 1765 345 1838 iure
379 1789 520 1862 sperare
563 1780 731 1863 potuerat.
772 1766 900 1861 Neque
934 1766 1012 1838 haec
1046 1789 1127 1862 spes

272 1907 351 1956 eum
386 1880 516 1954 lelellit.
561 1883 687 1955 Testes
721 1881 811 1953 enim
854 1896 932 1954 sunt
969 1880 1128 1979 epistolae

272 2023 374 2097 quam
393 1995 548 2094 plurimae
565 2021 650 2093 quas
668 2022 689 2070 e
708 1996 823 2070 Brixia
844 1996 1044 2093 praesertim,
1072 1997 1127 2070 ubi

272 2137 302 2186 a.
345 2132 430 2211 1453
470 2129 617 2210 praetura
651 2112 787 2186 functus
821 2128 884 2201 est,
923 2109 968 2184 ad
1003 2113 1126 2185 lsotam

271 2227 418 2326 scripsit,
445 2227 541 2300 testis
574 2243 627 2300 est
652 2226 809 2324 dialogus
834 2252 936 2325 supra
961 2225 1127 2317 laudatus,

272 2343 403 2441 insigne
420 2342 581 2416 amicitiae
606 2369 686 2440 quae
716 2342 803 2417 inter
830 2343 988 2416 seminam
1016 2341 1129 2415 erudi-

272 2458 431 2533 tissimam
467 2474 503 2532 et
532 2458 638 2532 virum
665 2458 909 2533 nobilissimum
936 2456 1130 2532 intercessit

272 2591 539 2649 monumentum.

323 2691 396 2793 Qui
422 2689 579 2788 dialogus
613 2714 682 2787 qua
709 2690 899 2764 occasione
926 2689 1061 2764 habitus
1085 2688 1129 2762 sit

273 2833 340 2881 non
375 2807 489 2881 habeo
523 2830 662 2904 prorsus
695 2807 919 2901 exploratum.
957 2804 1068 2906 Quod
1095 2804 1127 2876 in

272 2921 494 3018 inscriptione
528 2919 688 3018 epistolae
721 2921 766 2993 ab
801 2922 891 2993 lsota
925 2920 1020 2994 initio
1049 2919 1127 2994 anni

281 3054 364 3136 ¹45¹
412 3034 456 3109 ad
497 3038 728 3109 Fuscarenum
763 3035 903 3133 scriptae
937 3034 1127 3109 secundum

273 3149 436 3225 codicem
460 3155 698 3226 Veronensem
734 3153 812 3226 haec
841 3152 989 3251 epistola
1021 3175 1128 3225 occa-

273 3266 405 3340 sionem
431 3267 476 3341 ad
501 3267 761 3342 contentionem
792 3265 837 3341 de
862 3266 950 3341 ndae
979 3284 1015 3340 et
1045 3268 1128 3341 Evae

274 3399 423 3480 peccato
449 3383 666 3458 excitandam
693 3383 858 3457 obtulisse
876 3406 1128 3457 commemora·

275 3516 337 3590 tur,
365 3524 433 3571 non
460 3501 599 3574 multum
626 3499 790 3599 ponderis
816 3500 932 3589 habet,
960 3521 1076 3595 neque
1093 3497 1127 3570 in
