2850 4694
677 937 825 1012 xxllls

346 1245 476 1305 (Verona.
495 1248 573 1308 psulo
590 1252 650 1308 post
666 1245 733 1292 Vlll.
752 1244 820 1293 diem
832 1243 926 1293 mensis
944 1245 1005 1293 lunii
1017 1258 1040 1293 s.
1057 1245 1139 1309 ¹⁴3⁸·)

343 1526 432 1597 lsolo
448 1521 620 1621 Nogarola
633 1521 770 1621 paln'cio
786 1521 986 1595 adolescenti
999 1522 1145 1598 Nicolao

591 1636 723 1712 Venerio
740 1640 772 1711 S.
792 1639 831 1712 P.
850 1640 899 1711 D.

376 2165 479 2271 ’,κχ
516 2180 607 2254 enim
627 2206 699 2279 prae
716 2204 756 2254 se
773 2196 809 2254 et
827 2196 978 2254 naturam
1001 2197 1170 2278 praestan-

313 2298 487 2389 tissimum,
514 2297 610 2394 quod
637 2313 689 2371 est
718 2296 856 2394 ingenii,
887 2313 923 2370 et
950 2295 1168 2393 disciplinam

312 2412 509 2511 vigilantem
534 2428 641 2509 atque
666 2413 839 2502 solertem,
858 2412 955 2509 quod
985 2427 1038 2485 est
1063 2411 1168 2486 studii

270 2555 300 2591 ¹0
312 2544 348 2602 et
373 2528 570 2626 diligentiae.
599 2530 718 2624 ltaque
744 2527 825 2601 mihi
852 2527 993 2623 quidem
1020 2528 1170 2626 contigit

359 2799 450 2850 Collssi
467 2807 542 2849 sunt:
560 2798 650 2850 Codex
666 2799 874 2849 vindobonensis
891 2814 928 2849 nr.
949 2800 1006 2860 3481
1024 2800 1075 2864 (C),
1108 2803 1169 2853 Ric·

311 2879 445 2930 sardianos
462 2893 498 2928 nr.
514 2891 559 2939 779
570 2878 619 2942 (b),
634 2878 851 2942 Guelferbytanus
861 2879 916 2943 (G),
931 2881 1094 2930 Monacensis
1104 2882 1166 2947 (Μ),

313 2959 441 3008 Parisinus
470 2972 506 3007 nr.
538 2959 615 3018 ωηο
640 2958 687 3023 (ἦ,
725 2960 883 3009 Veronensis
908 2959 953 3024 (V)
980 2969 1005 3009 es
1033 2960 1114 3012 editio
1142 2977 1166 3012 s.

316 3040 376 3098 1846
391 3038 440 3102 (E).

363 3117 456 3168 'lilulos
471 3117 496 3167 in
512 3119 536 3168 P
555 3121 605 3169 esl:
629 3120 707 3168 lsostn
724 3117 856 3182 Nogsnols
875 3120 983 3182 patricio
1005 3121 1167 3172 adolescenti

312 3199 440 3247 Nicholno
464 3200 578 3248 Venerio
601 3201 726 3255 salutem
751 3198 775 3246 in
800 3201 842 3249 G:
866 3201 1029 3262 Responsivs
1049 3200 1081 3249 nd
1099 3216 1168 3263 pne·

310 3279 430 3340 scriptam
442 3280 538 3328 Ysolha
551 3280 690 3342 Nogsrols.
710 3279 813 3341 patritio
829 3279 988 3329 adolescenti
1005 3281 1037 3329 N.
1052 3283 1167 3332 Venerio

311 3358 336 3407 S.
356 3373 381 3420 p.
400 3358 425 3406 d.
471 3358 504 3422 (3)
530 3360 608 3409 lsotls
631 3359 699 3408 EFP.
735 3359 764 3407 Ρ.
784 3361 817 3408 D.
845 3373 914 3408 omm.
942 3360 1066 3410 Eclcod.
1085 3361 1165 3411 Basii.

311 3435 344 3498 (o)
362 3436 464 3486 luerunt
475 3436 505 3496 C,
524 3437 634 3488 inserunt
653 3440 685 3497 G,
705 3439 828 3488 inferiunt
846 3440 883 3488 M.
918 3438 951 3503 (7)
964 3453 993 3488 se
1005 3441 1080 3488 etism
1099 3443 1164 3491 GM.

311 3515 345 3578 (8)
362 3516 434 3576 quod
452 3518 500 3573 est}
518 3517 622 3577 quidem
640 3518 670 3566 C.
712 3517 746 3579 (9)
763 3520 886 3567 solonem
904 3519 931 3567 F.
966 3517 1016 3584 (ιο)
1034 3519 1112 3583 dillig.
1133 3521 1163 3571 C.

311 3597 345 3645 its
362 3597 388 3644 Ρ.
422 3596 545 3661 contingit
562 3596 633 3647 CEP.
