2850 4694
548 594 598 681 183

146 773 243 850 minis
267 791 366 873 septa
391 771 650 848 concludantur.
692 773 783 874 Quis
808 799 894 872 ergo
916 799 1018 860 eam,

145 890 319 965 mulierem
345 915 425 987 quae
444 889 475 962 in
495 890 547 962 his
572 888 768 989 asperrimis
785 887 994 964 difficultati-

145 1007 208 1081 bus
233 1004 278 1080 ad
303 1006 450 1103 aliquam
480 1003 709 1079 eruditionem
739 1005 897 1095 evaserit,
924 1030 993 1080 non

144 1122 353 1196 existimabit
382 1120 541 1218 singulari
570 1119 721 1217 quodam
747 1136 852 1216 atque
877 1118 994 1195 diuino

147 1261 287 1311 munere
315 1261 337 1310 a
366 1234 437 1311 deo
471 1237 651 1310 immortali
681 1234 868 1310 donatam?
902 1237 994 1338 Quis
1026 1264 1036 1317 t

145 1376 293 1451 unquam
311 1350 552 1450 defatigabitur
575 1351 607 1424 in
626 1351 730 1450 ipsius
747 1349 848 1426 laude
866 1350 994 1449 praedi-

143 1466 255 1543 canda
280 1469 333 1541 vel
361 1467 393 1541 in
420 1469 542 1541 caelum
575 1489 682 1560 usque
699 1465 878 1541 efferendo
904 1492 993 1565 prae·

144 1584 273 1658 conio?
321 1583 412 1684 Quis
447 1583 532 1658 illius
565 1585 783 1657 enucleatum
817 1582 992 1658 scribendi

142 1717 299 1774 ornatum
344 1724 413 1772 non
456 1696 678 1773 admirabitur
710 1722 754 1773 ac
786 1697 992 1798 singularem

142 1839 380 1912 summamque
393 1815 578 1888 verborum
592 1815 906 1912 sententiarumque
914 1839 992 1913 gra·
1007 1842 1037 1880 ιο

147 1932 309 2005 vitatem?
340 1933 383 2004 Et
411 1946 509 2005 certe
539 1928 679 2029 quidem
711 1933 800 2004 hanc
824 1955 894 2030 ego
919 1957 990 2006 rem

143 2047 296 2121 miraculi
335 2047 417 2121 loco
448 2047 579 2120 habens
608 2063 714 2144 teque
743 2045 862 2121 videre
891 2046 990 2121 valde

141 2160 353 2251 desiderans,
369 2162 402 2235 in
420 2187 489 2261 qua
505 2186 584 2236 cum
603 2163 769 2237 bonarum
786 2163 907 2237 artium
920 2179 990 2237 stu·

141 2275 199 2351 dia
228 2278 366 2352 abiecta
395 2277 468 2352 sere
503 2302 546 2351 ac
577 2293 747 2375 prostrata
775 2278 808 2351 in
839 2279 990 2353 tenebris

143 2394 289 2484 iaceant,
331 2394 498 2491 optimum
539 2394 746 2468 intueremur
779 2393 989 2492 antiquitatis
1005 2420 1032 2474 ιι

139 2510 347 2606 exemplum,
383 2509 485 2584 lacile
519 2533 592 2583 sum
629 2508 811 2583 arbitratus
844 2508 988 2584 sormam

141 2624 280 2723 ingenio
298 2650 367 2699 non
385 2627 582 2700 abhorrere.
604 2627 696 2715 Nec,
709 2625 799 2700 sicut
816 2625 849 2698 in
863 2625 988 2701 ceteris

141 2742 244 2815 rebus
281 2765 378 2839 saepe
416 2739 580 2816 accidere
609 2742 711 2832 solet,
742 2741 775 2814 in
806 2757 840 2815 te
871 2740 989 2815 minuit

185 2941 220 3005 (1)
236 2948 312 3004 septu
330 2942 363 2991 G.
397 2940 432 3006 (ι)
457 2942 504 2992 hiis
530 2942 563 2991 G.
596 2942 732 3004 “perimis
746 2941 806 2992 CM.
840 2941 988 3005 (qlextlmn-

139 3021 176 3070 bit
200 3021 288 3071 CGM.
322 3034 366 3083 qu.
392 3035 424 3072 ae
439 3022 489 3071 div.
509 3022 571 3083 CM,
589 3035 634 3084 qu.
652 3022 703 3071 dlv.
720 3035 752 3072 ac
768 3021 801 3072 G.
835 3020 870 3087 (6)
885 3022 988 3084 inquam

139 3100 227 3150 CGM.
261 3099 296 3164 (7)
320 3103 404 3151 uelum
431 3101 543 3160 CGW,
561 3102 656 3151 eoelum
672 3101 701 3149 E
735 3101 808 3150 oller.
837 3100 867 3151 C
907 3100 940 3164 (7.
962 3103 986 3167 8)

139 3181 262 3242 preconia
278 3180 316 3230 Μ.
360 3179 395 3243 (8)
412 3180 477 3229 illius
492 3193 538 3229 om.
556 3182 585 3230 E.
619 3180 653 3244 (9)
669 3189 844 3231 ornamentum
861 3181 913 3230 KV.
946 3182 987 3244 ae]

138 3268 164 3308 et
176 3261 210 3320 G,
227 3273 273 3310 ont.
286 3260 324 3309 Μ.
357 3259 407 3324 (ιο)
418 3273 540 3309 summam
551 3260 609 3320 GV,
626 3273 673 3309 ont.
686 3259 717 3310 C
750 3260 943 3323 uerborumque
957 3263 985 3310 V.

139 3347 204 3387 sent.
221 3352 291 3388 omm.
308 3340 360 3387 EV.
394 3339 444 3402 (ιι)
455 3339 561 3400 quidem
576 3352 622 3388 om.
635 3340 664 3387 Ε.
698 3352 809 3388 remum.
831 3338 861 3389 G
884 3338 986 3404 (tulmi-

138 3418 210 3468 rabili
227 3419 281 3469 CV.
315 3417 365 3483 (ιι)
382 3419 508 3469 bonorum
525 3421 553 3469 Ε
587 3419 705 3484 (ι4)ῐοιο
715 3419 852 3470 abiecta&
870 3429 941 3470 terre
956 3421 984 3471 V.

138 3508 231 3561 prostr.
251 3500 297 3548 luc
310 3507 387 3548 atate
402 3500 425 3548 in
442 3507 493 3549 ten.
512 3501 540 3549 Ε.
574 3500 625 3565 (ις)
641 3501 801 3550 intuerentur
815 3501 854 3550 Μ.
887 3501 937 3565 (ιγ)
954 3501 986 3550 si-

137 3579 190 3628 cuti
206 3579 236 3627 C.
270 3578 320 3643 (ιθ)
337 3592 408 3642 sepe
423 3593 469 3629 um.
489 3580 516 3628 Ε
550 3580 663 3630 ιιιίιιιιιιιιι
681 3581 714 3643 G,
731 3581 832 3631 minime
852 3580 880 3630 V.
