2850 4694
663 593 713 639 XL!

266 768 302 824 et
314 750 528 825 commercio
541 750 725 823 litterarum
741 750 932 825 intermisso
947 767 1053 825 totam
1068 750 1121 825 lit·

265 881 412 939 terarum
433 889 604 939 sacrarum
631 862 745 937 studio
771 864 923 939 deditam
953 865 1118 941 videmus.

266 983 363 1081 Quae
390 980 532 1055 mutatio
558 979 639 1054 satis
664 979 895 1077 inexpectata,
921 982 1004 1056 licet
1021 999 1123 1058 antea

264 1095 368 1168 etiam
381 1099 507 1169 Isotam
521 1111 556 1169 et
569 1097 778 1169 Zeneveram
792 1096 897 1169 sacris
906 1096 1025 1171 litteris
1034 1123 1122 1196 ope-

265 1236 335 1284 ram
353 1209 493 1285 dedisse
511 1227 659 1302 constet,
678 1236 747 1308 qua
768 1212 900 1286 ratione
926 1213 1121 1310 quibusque

266 1326 377 1401 modis
398 1326 604 1425 explicanda
630 1327 683 1417 sit,
710 1327 934 1425 quaerendum
960 1343 1023 1401 est.
1051 1326 1121 1402 Sed

265 1467 344 1516 cum
381 1442 541 1525 Damiani
571 1442 815 1541 suspicionem,
847 1446 971 1517 lsotam
997 1444 1122 1517 Veneti

265 1557 442 1632 cuiusdam
465 1558 593 1631 iuvenis
615 1582 733 1631 amore
754 1558 906 1632 alitteris
924 1558 1123 1655 frequenter

264 1674 455 1748 scribendis
464 1671 647 1746 abductam
662 1698 751 1764 esse,
762 1697 864 1772 supra
881 1673 947 1747 iam
964 1675 1121 1772 gravibus

264 1790 376 1863 causis
406 1789 571 1862 commoti
599 1788 734 1862 missam
760 1789 954 1881 fecerimus,
981 1815 1050 1889 qua
1075 1789 1120 1864 de

264 1928 369 1978 causa
403 1931 446 1979 ne
472 1906 542 1977 hoc
567 1903 708 2003 quidem
734 1905 898 2004 suspicari
917 1906 1017 1996 -licet,
1044 1930 1120 1979 eam

265 2019 392 2094 infelici
406 2044 524 2094 amore
538 2020 773 2094 contristatam
796 2020 828 2093 in
851 2021 1038 2119 theologiae
1051 2037 1121 2096 stu-

263 2135 323 2209 dio
342 2139 505 2210 malorum
515 2137 789 2210 consolationem
804 2137 1015 2234 quaesivisse,
1025 2161 1121 2211 cum-

264 2277 334 2350 que
343 2254 397 2326 vel
407 2254 607 2342 Zeneverae,
618 2251 745 2326 sororis
754 2250 987 2326 dilectissimae
996 2253 1121 2326 absen-

265 2370 312 2443 tia
325 2395 400 2444 eam
416 2387 453 2443 ut
465 2370 652 2444 studiorum
664 2370 831 2444 rationem
841 2386 986 2444 mutaret
1000 2370 1120 2470 impel-

265 2486 337 2559 lere
363 2485 566 2582 nequiverit,
594 2487 663 2559 hoc
685 2488 794 2559 solum
813 2485 877 2559 iam
897 2502 1065 2584 superest,
1085 2504 1120 2560 ut

264 2603 355 2674 lsota
364 2626 402 2674 se
413 2602 534 2675 srustra
543 2627 588 2674 eo
599 2606 708 2699 usque
721 2601 928 2675 laboravisse
942 2601 1121 2675 intellexe-

265 2717 306 2788 rit
319 2733 355 2790 et
363 2717 486 2815 spretis
501 2717 597 2790 huius
608 2716 722 2790 mundi
736 2716 940 2790 vanitatibus
949 2716 1064 2815 potius
1075 2717 1120 2790 ad

266 2832 512 2906 misericordiae
525 2857 634 2931 opera
646 2849 682 2906 et
695 2830 739 2905 ad
753 2856 925 2905 sacrarum
934 2832 1119 2906 litterarum

264 2946 375 3021 studia
398 2974 569 3046 nunquam
592 2972 730 3046 prorsus
760 2947 949 3021 intermissa
974 2972 1012 3020 se
1039 2947 1120 3022 totis

263 3063 389 3137 viribus
405 3064 623 3138 converterit.
649 3066 765 3164 Quam
792 3063 1024 3160 suspicionem
1051 3089 1119 3137 non

268 3179 313 3253 ita
330 3180 444 3277 accipi
462 3180 573 3270 velim,
592 3180 679 3254 acsi
698 3183 799 3253 lsotae
820 3179 971 3253 carmina
983 3178 1119 3278 aliaque

264 3321 373 3394 opera
402 3321 445 3370 ea
466 3297 568 3370 laude
594 3321 663 3394 qua
687 3321 708 3369 a
733 3295 871 3370 summis
898 3294 983 3369 illius
1008 3294 1120 3369 aetatis

265 3412 343 3486 viris
377 3415 631 3487 extollebantur
673 3411 812 3510 indigna
844 3411 920 3486 sint.
963 3415 1057 3513 Quae
1091 3412 1119 3486 si

266 3529 366 3602 nobis
393 3554 462 3602 non
489 3555 558 3602 uno
584 3529 722 3603 nomine
748 3526 933 3627 displicere
963 3544 1118 3626 possunt,
