2850 4694
588 615 642 684 ιο)

184 774 424 848 cancellarium
452 774 596 849 voluerit
620 799 663 849 ac
690 793 866 874 postremo
884 778 1033 875 legatum

184 905 305 963 contra
314 890 498 963 Theucros
507 914 572 986 pro
582 889 779 965 Christiana
788 890 856 966 fide
865 915 908 966 ac
921 891 1034 968 divina

185 1004 350 1102 religione
390 1003 622 1101 dignissimum
662 1004 870 1080 iudicaverit.
916 1009 1033 1109 Quam

183 1143 266 1193 sane
293 1118 514 1217 provinciam,
541 1119 638 1218 quod
663 1145 746 1195 sane
764 1146 884 1196 munus
901 1123 1035 1196 obeun-

182 1234 263 1308 dum
274 1237 356 1310 laeto
369 1237 473 1327 vultu,
487 1236 609 1310 laetiori
622 1236 749 1327 animo
763 1262 897 1313 summo
910 1236 1035 1313 ardore
1067 1280 1076 1332 5

183 1374 226 1424 ac
242 1350 357 1426 studio
371 1376 436 1451 pro
453 1368 510 1427 tua
527 1351 559 1426 in
578 1353 752 1427 Christum
771 1353 899 1450 pietate
917 1378 1034 1430 susce-

183 1466 271 1563 pisti.
301 1469 383 1542 Non
407 1484 441 1542 te
459 1467 615 1542 itinerum
632 1469 780 1559 labores,
799 1495 868 1543 non
886 1470 1035 1568 regionis

183 1585 318 1658 calores
343 1607 385 1658 ac
413 1583 549 1683 frigora,
576 1610 645 1660 non
664 1585 764 1660 maris
782 1585 945 1686 ipsiusne
962 1588 1035 1662 bel·

182 1700 292 1774 lorum
322 1699 475 1798 pericula
504 1699 680 1776 deterrere
710 1720 905 1799 potuerunt.
938 1703 1035 1803 Quin

183 1815 288 1889 immo
304 1815 406 1891 vitem
423 1840 601 1914 exponere
622 1834 658 1891 et
671 1834 815 1892 mortem
832 1818 948 1893 subire
966 1843 1035 1893 non
1052 1858 1081 1895 ιο

183 1932 357 2022 recusasti,
376 1930 565 2007 dummodo
583 1932 790 2008 Christianae
808 1933 887 2008 fidei
905 1950 942 2008 et
951 1934 1035 2008 mili·

184 2048 266 2121 tanti
279 2047 442 2123 ecclesiae
457 2047 582 2123 usuiac
598 2047 797 2124 adiumento
815 2075 893 2125 esse
910 2051 1031 2148 possis.

185 2164 226 2236 Et
238 2180 335 2238 recte
351 2188 445 2238 sane.
465 2163 583 2238 Facile
600 2164 691 2238 enim
710 2166 856 2240 humana
872 2182 908 2239 et
925 2166 1032 2264 ipsam

184 2276 336 2376 denique
357 2278 458 2352 vitam
476 2279 668 2353 contemnit
684 2279 741 2376 qui
760 2298 868 2370 recte,
886 2280 945 2379 qui
963 2280 1032 2380 pie,

183 2393 242 2491 qui
255 2419 338 2468 vere
351 2394 526 2469 Christum
544 2394 706 2492 sequitur.
728 2396 765 2469 O
784 2397 886 2470 beata
901 2396 1032 2488 civitas,
1050 2438 1075 2490 ις

184 2533 264 2606 quae
289 2512 392 2585 talem
419 2528 520 2585 nacta
544 2528 598 2585 est
614 2527 801 2608 pastorem,
820 2528 965 2586 tutorem
995 2528 1033 2587 et

184 2626 364 2722 praesulem
389 2642 426 2700 et
450 2626 718 2701 amoenissimum
748 2625 981 2718 diversorium,
999 2627 1033 2701 in

184 2764 256 2837 quo
274 2739 338 2815 tuis
354 2741 515 2839 sepositis
529 2741 619 2817 curis
634 2741 778 2818 faciliter
791 2742 1032 2841 conquiesces,

183 2855 240 2929 cui
268 2855 454 2931 animarum
485 2874 614 2932 tuarum
645 2881 727 2933 cura
756 2856 899 2950 credits,
936 2858 1033 2934 cuius

228 3022 263 3085 (ι)
279 3024 372 3073 voterit
396 3036 427 3073 ιο
451 3032 609 3086 postremum
631 3025 662 3074 G
703 3024 738 3088 (ι)
763 3025 900 3075 hereticos
924 3026 952 3086 Ε,
978 3032 1034 3076 ten·

183 3104 275 3154 crosv.
309 3102 344 3166 (ι)
361 3102 464 3167 dignum
480 3105 533 3153 tw.
566 3103 728 3155 iudicevitss
762 3104 794 3167 (4
810 3106 832 3169 ς)
843 3104 1031 3156 ὠειιιιάυωα

183 3182 218 3246 (ς)
251 3184 351 3232 latiore
374 3196 414 3233 en.
443 3184 471 3233 Ε
528 3182 562 3248 (ὁ)
584 3192 611 3234 et
635 3192 667 3234 st.
694 3185 726 3235 C.
773 3183 808 3247 (7)
840 3185 973 3248 regionum
998 3185 1032 3234 G.

184 3263 218 3328 (8)
229 3266 277 3314 oet.
290 3271 317 3314 et
334 3263 363 3312 fr.
381 3263 445 3313 GM.
470 3263 505 3326 (9)
521 3263 644 3314 deterere
657 3266 685 3314 V.
710 3266 760 3330 (ιο)
775 3266 826 3314 imo
842 3264 874 3324 C,
891 3278 950 3328 ymo
967 3265 1031 3316 GM.

183 3352 266 3395 morte
276 3343 336 3394 CM.
347 3345 438 3406 (tnta)
446 3343 580 3394 militantes
590 3344 620 3404 C,
630 3345 756 3395 militantis
766 3344 830 3394 GM.
849 3344 857 3404 (
861 3345 898 3408 υ)
907 3353 933 3394 et
939 3345 990 3394 edi.
1000 3344 1031 3396 C.

184 3425 300 3487 potueris
317 3425 345 3474 Ε
380 3423 430 3488 (1))
447 3424 541 3474 etenim
562 3425 589 3473 V.
624 3426 755 3475 bomensor
773 3426 806 3475 G.
841 3424 1032 3489 (14)eontemp-

184 3504 219 3554 nit
244 3506 277 3566 G,
300 3505 461 3569 contempnis
485 3506 523 3555 Μ.
565 3503 615 3569 (ιὸ)
641 3512 698 3555 nete
722 3504 776 3556 CV.
818 3503 979 3569 (1⁸)crtoqu.
1002 3507 1029 3556 V.

184 3583 233 3648 (¹9)
251 3585 352 3635 reddite
367 3586 420 3634 tw.
454 3585 496 3636 cui
512 3586 540 3634 Ε.
