2850 4694
673 586 711 665 87

265 782 333 830 non
364 757 450 830 dicis
475 773 510 829 et
527 757 581 829 vel
597 756 766 830 silentium
793 755 968 829 meliorem
988 755 1020 828 in
1039 779 1116 853 par·

265 888 334 946 tent
361 898 430 946 non
456 877 644 970 acceptas?
671 871 855 963 Guarinus,
882 870 1028 962 diceres,
1051 872 1114 945 do·

266 988 427 1079 mesticis,
453 988 635 1078 extraneis,
666 987 744 1078 suis,
779 987 907 1077 alieniS,
947 986 1114 1061 familiari-

266 1104 340 1192 bus,
358 1103 525 1177 litterariis
543 1103 690 1200 negotiis
707 1103 952 1176 immortalibus
970 1103 1115 1176 irretitus

264 1236 322 1292 aut
340 1221 465 1308 nullum
491 1236 549 1292 aut
574 1243 746 1317 perrarum
777 1218 949 1292 scribendi
980 1235 1114 1316 tempus
1147 1246 1157 1299 ς

265 1353 385 1408 nactus
419 1351 482 1425 est,
518 1359 596 1407 cum
630 1333 761 1407 interim
806 1333 950 1424 docens,
984 1335 1113 1431 legens

263 1449 406 1525 audiens
432 1466 558 1523 tantam
587 1449 755 1540 familiam,
778 1466 830 1523 tot
855 1450 981 1523 liberos
1008 1466 1114 1547 regat,

264 1568 342 1656 alat,
373 1566 512 1654 educet,
547 1565 690 1655 erudiat,
717 1589 834 1662 parum
861 1565 979 1662 quieti,
1006 1565 1114 1639 minus

263 1707 398 1774 somno,
433 1682 603 1755 minimum
630 1681 712 1755 cibo
750 1698 885 1779 tempus
922 1681 1113 1779 impertiat;

264 1823 344 1894 quae
374 1822 452 1872 cum
483 1814 608 1895 sponte
639 1813 707 1870 tum
742 1796 864 1871 invitus
898 1797 980 1871 fucit
1009 1815 1114 1895 atque
1131 1823 1161 1860 10

264 1914 340 2003 sert,
371 1913 452 2011 quie
483 1938 551 1986 non
578 1911 622 1987 ad
648 1912 753 1986 otium
780 1913 842 1986 sed
868 1913 912 1987 ad
939 1913 1113 2011 negotium

263 2054 341 2103 sese
372 2046 498 2120 natum,
524 2028 720 2119 educatum,
747 2045 883 2102 auctum
910 2055 987 2104 esse
1017 2030 1115 2102 intel·

264 2145 345 2242 tigit.
375 2147 423 2218 Eu
439 2145 466 2219 si
485 2144 656 2235 benivole,
683 2169 752 2217 non
778 2144 994 2242 indignanter
1018 2145 1115 2243 cogi·

264 2277 382 2350 tusses,
402 2285 457 2334 me
484 2259 598 2358 potius
623 2258 715 2357 apud
742 2276 777 2333 te
806 2285 849 2333 ac
866 2260 1020 2334 irrisores
1038 2278 1114 2334 tuos
1164 2334 1166 2339 ,

263 2392 463 2449 excusatum
481 2374 702 2466 reddidisses,
721 2376 812 2450 saeta
833 2402 897 2475 pro
919 2402 975 2449 me
993 2377 1114 2450 adver·
1131 2399 1156 2452 ¹5

311 2764 346 2827 (ι)
362 2764 455 2813 dicitur
480 2763 510 2823 C,
537 2763 598 2813 dicit
622 2765 734 2813 GMRV.
769 2772 795 2812 et
811 2777 856 2812 om.
876 2765 907 2813 R.
942 2764 965 2811 in
982 2764 1114 2813 meliorem

265 2844 354 2893 GMR.
388 2843 422 2907 (2)
440 2857 490 2892 non
506 2857 552 2890 om.
576 2845 607 2892 R.
650 2844 682 2907 (2.
704 2847 725 2907 3)
750 2843 839 2893 dicere
862 2843 961 2892 debens
985 2843 1054 2892 dorn.
1081 2844 1111 2891 R.

264 2924 461 2973 domesticusG
497 2925 530 2985 (ς)
548 2924 663 2973 extrariis
673 2923 831 2987 suprascripto
847 2924 973 2972 extraneis
990 2923 1020 2972 c
1054 2924 1114 2970 atie-

265 3005 303 3052 nis
317 3017 388 3052 cmm.
407 3004 465 3052 GR.
500 3005 533 3064 (4)
551 3004 664 3053 litterarii
689 3005 720 3052 R.
739 3004 839 3052 inmort.
866 3005 904 3052 M.
946 3003 1057 3064 irreptus
1080 3003 1112 3051 R.

264 3083 298 3147 (ς)
315 3092 358 3132 eut
379 3097 468 3146 parum
493 3083 523 3132 C.
566 3083 599 3146 (ὁ)
622 3092 759 3145 pernectus
782 3083 811 3132 C.
852 3091 891 3131 est
907 3096 954 3131 om.
974 3083 1004 3130 R.
1045 3082 1112 3142 curn]

264 3177 318 3224 quo
335 3165 365 3212 R.
416 3163 449 3227 (Β)
476 3165 527 3212 niet
552 3165 584 3212 G.
629 3163 716 3212 errud.
741 3165 772 3212 R.
817 3176 922 3225 pervum
946 3163 1033 3211 GMV.
1079 3162 1112 3224 (9)

263 3258 372 3306 sompno
399 3244 484 3293 CMR.
526 3244 654 3305 imperciat
671 3244 728 3292 RV.
763 3244 813 3306 (ιο)
830 3244 897 3304 cumi
915 3251 967 3292 turn
984 3243 1016 3291 G.
1049 3244 1112 3304 tuni!

264 3337 321 3373 cum
346 3326 377 3373 R.
422 3325 527 3373 invictus
552 3324 606 3373 CR.
642 3324 714 3373 iucint
731 3324 763 3371 R.
798 3323 847 3386 (rr)
866 3324 929 3371 serat
946 3324 977 3371 R.
1012 3336 1062 3384 qun
1079 3323 1110 3371 R.

264 3413 303 3452 set
324 3406 351 3452 V.
396 3405 445 3467 (η.
474 3405 511 3466 13)
541 3404 694 3466 intelligutur
716 3405 749 3461 G,
785 3404 904 3465 intelligat
929 3404 966 3462 Μ,
999 3403 1113 3465 inteiligi-

264 3491 306 3532 tur
322 3484 353 3532 R.
409 3484 458 3546 (ις)
485 3483 577 3545 indign.
607 3498 656 3532 non
685 3485 716 3532 R.
776 3485 824 3546 (ι).
856 3483 893 3543 14)
920 3484 1019 3545 cogites
1046 3483 1111 3531 GM.

265 3564 313 3626 (η)
330 3572 391 3626 aput
410 3565 443 3612 G.
476 3578 515 3626 ac,
533 3577 583 3612 non
598 3565 629 3613 R.
663 3568 712 3628 (ις)
730 3577 778 3626 per
798 3565 825 3612 V.
859 3562 1030 3613 udversosC.
