<?xml version="1.0" encoding="UTF-8"?>
<!DOCTYPE html PUBLIC "-//W3C//DTD XHTML 1.0 Transitional//EN"
    "http://www.w3.org/TR/xhtml1/DTD/xhtml1-transitional.dtd">
<html xmlns="http://www.w3.org/1999/xhtml" xml:lang="en" lang="en">
 <head>
  <title>
</title>
<meta http-equiv="Content-Type" content="text/html;charset=utf-8" />
  <meta name='ocr-system' content='tesseract 3.04.00' />
  <meta name='ocr-capabilities' content='ocr_page ocr_carea ocr_par ocr_line ocrx_word'/>
</head>
<body>
  <div class='ocr_page' id='page_1' title='image "./isotnogarolvero00nogagoog/isotnogarolvero00nogagoog_0030.png"; bbox 0 0 2850 4694; ppageno 0'>
   <div class='ocr_carea' id='block_1_1' title="bbox 657 575 734 618">
    <p class='ocr_par' dir='ltr' id='par_1_1' title="bbox 657 575 734 618">
     <span class='ocr_line' id='line_1_1' title="bbox 657 575 734 618; baseline -0.026 0"><span class='ocrx_word' id='word_1_1' title='bbox 657 575 734 618; x_wconf 82' lang='lat' dir='ltr'>xvm</span> 
     </span>
    </p>
   </div>
   <div class='ocr_carea' id='block_1_2' title="bbox 271 726 1130 3600">
    <p class='ocr_par' dir='ltr' id='par_1_2' title="bbox 271 726 1127 1172">
     <span class='ocr_line' id='line_1_2' title="bbox 271 726 1125 827; baseline -0.004 -23"><span class='ocrx_word' id='word_1_2' title='bbox 271 729 410 827; x_wconf 88' lang='lat' dir='ltr'>accepit</span> <span class='ocrx_word' id='word_1_3' title='bbox 428 727 472 801; x_wconf 91' lang='lat' dir='ltr'>de</span> <span class='ocrx_word' id='word_1_4' title='bbox 490 726 699 825; x_wconf 87' lang='lat' dir='ltr'>amplissimo</span> <span class='ocrx_word' id='word_1_5' title='bbox 717 730 849 800; x_wconf 87' lang='lat' dir='ltr'>honore</span> <span class='ocrx_word' id='word_1_6' title='bbox 866 730 1033 825; x_wconf 79' lang='lat' dir='ltr'>gratulata</span> <span class='ocrx_word' id='word_1_7' title='bbox 1059 744 1125 801; x_wconf 88' lang='lat' dir='ltr'>est.</span> 
     </span>
     <span class='ocr_line' id='line_1_3' title="bbox 273 843 1127 941; baseline 0.001 -23"><span class='ocrx_word' id='word_1_8' title='bbox 273 845 367 918; x_wconf 86' lang='lat' dir='ltr'>Nihil</span> <span class='ocrx_word' id='word_1_9' title='bbox 394 861 507 918; x_wconf 85' lang='lat' dir='ltr'>tamen</span> <span class='ocrx_word' id='word_1_10' title='bbox 533 844 660 931; x_wconf 80' lang='lat' dir='ltr'>obstat,</span> <span class='ocrx_word' id='word_1_11' title='bbox 690 843 873 941; x_wconf 89' lang='lat' dir='ltr'>quominus</span> <span class='ocrx_word' id='word_1_12' title='bbox 902 846 992 918; x_wconf 90' lang='lat' dir='ltr'>hanc</span> <span class='ocrx_word' id='word_1_13' title='bbox 1021 847 1127 919; x_wconf 83' lang='lat' dir='ltr'>lsotae</span> 
     </span>
     <span class='ocr_line' id='line_1_4' title="bbox 271 959 1127 1059; baseline 0 -24"><span class='ocrx_word' id='word_1_14' title='bbox 271 961 450 1059; x_wconf 87' lang='lat' dir='ltr'>epistolam</span> <span class='ocrx_word' id='word_1_15' title='bbox 485 984 575 1032; x_wconf 89' lang='lat' dir='ltr'>anno</span> <span class='ocrx_word' id='word_1_16' title='bbox 610 959 713 1032; x_wconf 93' lang='lat' dir='ltr'>immo</span> <span class='ocrx_word' id='word_1_17' title='bbox 747 959 882 1034; x_wconf 91' lang='lat' dir='ltr'>duobus</span> <span class='ocrx_word' id='word_1_18' title='bbox 914 960 1011 1034; x_wconf 90' lang='lat' dir='ltr'>annis</span> <span class='ocrx_word' id='word_1_19' title='bbox 1045 978 1127 1058; x_wconf 90' lang='lat' dir='ltr'>post</span> 
     </span>
     <span class='ocr_line' id='line_1_5' title="bbox 272 1076 726 1172; baseline -0.009 -22"><span class='ocrx_word' id='word_1_20' title='bbox 272 1076 432 1172; x_wconf 87' lang='lat' dir='ltr'>scriptam</span> <span class='ocrx_word' id='word_1_21' title='bbox 450 1099 528 1148; x_wconf 91' lang='lat' dir='ltr'>esse</span> <span class='ocrx_word' id='word_1_22' title='bbox 547 1099 726 1148; x_wconf 87' lang='lat' dir='ltr'>sumamus.</span> 
     </span>
    </p>

    <p class='ocr_par' dir='ltr' id='par_1_3' title="bbox 271 1188 1130 3600">
     <span class='ocr_line' id='line_1_6' title="bbox 323 1188 1127 1289; baseline 0.001 -25"><span class='ocrx_word' id='word_1_23' title='bbox 323 1191 438 1264; x_wconf 84' lang='lat' dir='ltr'>Prima</span> <span class='ocrx_word' id='word_1_24' title='bbox 455 1191 553 1288; x_wconf 89' lang='lat' dir='ltr'>igitur</span> <span class='ocrx_word' id='word_1_25' title='bbox 570 1190 716 1288; x_wconf 90' lang='lat' dir='ltr'>epistola</span> <span class='ocrx_word' id='word_1_26' title='bbox 735 1191 766 1262; x_wconf 95' lang='lat' dir='ltr'>in</span> <span class='ocrx_word' id='word_1_27' title='bbox 786 1194 888 1264; x_wconf 85' lang='lat' dir='ltr'>lsotae</span> <span class='ocrx_word' id='word_1_28' title='bbox 905 1188 1032 1264; x_wconf 91' lang='lat' dir='ltr'>codice</span> <span class='ocrx_word' id='word_1_29' title='bbox 1051 1192 1127 1289; x_wconf 90' lang='lat' dir='ltr'>epi·</span> 
     </span>
     <span class='ocr_line' id='line_1_7' title="bbox 271 1305 1127 1404; baseline -0.002 -23"><span class='ocrx_word' id='word_1_30' title='bbox 271 1307 386 1382; x_wconf 88' lang='lat' dir='ltr'>stolari</span> <span class='ocrx_word' id='word_1_31' title='bbox 404 1332 506 1404; x_wconf 87' lang='lat' dir='ltr'>quam</span> <span class='ocrx_word' id='word_1_32' title='bbox 529 1322 628 1379; x_wconf 92' lang='lat' dir='ltr'>certo</span> <span class='ocrx_word' id='word_1_33' title='bbox 649 1331 691 1379; x_wconf 87' lang='lat' dir='ltr'>ac</span> <span class='ocrx_word' id='word_1_34' title='bbox 713 1305 857 1380; x_wconf 85' lang='lat' dir='ltr'>definito</span> <span class='ocrx_word' id='word_1_35' title='bbox 875 1306 1021 1404; x_wconf 87' lang='lat' dir='ltr'>tempori</span> <span class='ocrx_word' id='word_1_36' title='bbox 1042 1307 1127 1380; x_wconf 89' lang='lat' dir='ltr'>assi-</span> 
     </span>
     <span class='ocr_line' id='line_1_8' title="bbox 272 1420 1128 1520; baseline 0 -24"><span class='ocrx_word' id='word_1_37' title='bbox 272 1448 379 1519; x_wconf 87' lang='lat' dir='ltr'>gnare</span> <span class='ocrx_word' id='word_1_38' title='bbox 398 1445 590 1519; x_wconf 91' lang='lat' dir='ltr'>possumus,</span> <span class='ocrx_word' id='word_1_39' title='bbox 609 1446 630 1494; x_wconf 90' lang='lat' dir='ltr'>a</span> <span class='ocrx_word' id='word_1_40' title='bbox 648 1420 791 1518; x_wconf 74' lang='lat' dir='ltr'>Georgia</span> <span class='ocrx_word' id='word_1_41' title='bbox 805 1421 1003 1520; x_wconf 76' lang='lat' dir='ltr'>Beuilacqua</span> <span class='ocrx_word' id='word_1_42' title='bbox 1016 1421 1128 1497; x_wconf 93' lang='lat' dir='ltr'>docto</span> 
     </span>
     <span class='ocr_line' id='line_1_9' title="bbox 272 1536 1127 1636; baseline -0.001 -23"><span class='ocrx_word' id='word_1_43' title='bbox 272 1564 355 1613; x_wconf 91' lang='lat' dir='ltr'>sane</span> <span class='ocrx_word' id='word_1_44' title='bbox 364 1536 636 1611; x_wconf 88' lang='lat' dir='ltr'>viroVeronensi</span> <span class='ocrx_word' id='word_1_45' title='bbox 650 1548 675 1587; x_wconf 85' lang='lat'>³²</span> <span class='ocrx_word' id='word_1_46' title='bbox 689 1537 818 1635; x_wconf 88' lang='lat' dir='ltr'>scripta</span> <span class='ocrx_word' id='word_1_47' title='bbox 827 1554 995 1634; x_wconf 88' lang='lat' dir='ltr'>est‚quem</span> <span class='ocrx_word' id='word_1_48' title='bbox 1007 1537 1127 1636; x_wconf 89' lang='lat' dir='ltr'>paucis</span> 
     </span>
     <span class='ocr_line' id='line_1_10' title="bbox 273 1652 1127 1752; baseline -0.002 -24"><span class='ocrx_word' id='word_1_49' title='bbox 273 1655 368 1728; x_wconf 92' lang='lat' dir='ltr'>annis</span> <span class='ocrx_word' id='word_1_50' title='bbox 388 1671 466 1752; x_wconf 88' lang='lat' dir='ltr'>post</span> <span class='ocrx_word' id='word_1_51' title='bbox 484 1654 577 1726; x_wconf 89' lang='lat' dir='ltr'>bello</span> <span class='ocrx_word' id='word_1_52' title='bbox 596 1652 692 1749; x_wconf 88' lang='lat' dir='ltr'>quod</span> <span class='ocrx_word' id='word_1_53' title='bbox 709 1654 833 1726; x_wconf 89' lang='lat' dir='ltr'>Veneti</span> <span class='ocrx_word' id='word_1_54' title='bbox 852 1670 974 1727; x_wconf 88' lang='lat' dir='ltr'>contra</span> <span class='ocrx_word' id='word_1_55' title='bbox 994 1653 1127 1751; x_wconf 86' lang='lat' dir='ltr'>Philip-</span> 
     </span>
     <span class='ocr_line' id='line_1_11' title="bbox 274 1768 1127 1867; baseline 0 -24"><span class='ocrx_word' id='word_1_56' title='bbox 274 1796 353 1867; x_wconf 92' lang='lat' dir='ltr'>pum</span> <span class='ocrx_word' id='word_1_57' title='bbox 382 1769 528 1843; x_wconf 87' lang='lat' dir='ltr'>Mariam</span> <span class='ocrx_word' id='word_1_58' title='bbox 554 1769 710 1842; x_wconf 94' lang='lat' dir='ltr'>Visconti</span> <span class='ocrx_word' id='word_1_59' title='bbox 732 1769 1043 1842; x_wconf 87' lang='lat' dir='ltr'>Mediolanensium</span> <span class='ocrx_word' id='word_1_60' title='bbox 1062 1768 1127 1843; x_wconf 94' lang='lat' dir='ltr'>du·</span> 
     </span>
     <span class='ocr_line' id='line_1_12' title="bbox 273 1884 1126 1984; baseline 0.001 -26"><span class='ocrx_word' id='word_1_61' title='bbox 273 1910 351 1958; x_wconf 88' lang='lat' dir='ltr'>cem</span> <span class='ocrx_word' id='word_1_62' title='bbox 369 1901 547 1982; x_wconf 88' lang='lat' dir='ltr'>gesserunt</span> <span class='ocrx_word' id='word_1_63' title='bbox 570 1884 761 1984; x_wconf 81' lang='lat' dir='ltr'>interfuisse</span> <span class='ocrx_word' id='word_1_64' title='bbox 785 1884 929 1981; x_wconf 90' lang='lat' dir='ltr'>eiusque</span> <span class='ocrx_word' id='word_1_65' title='bbox 952 1884 1126 1958; x_wconf 85' lang='lat' dir='ltr'>historiam</span> 
     </span>
     <span class='ocr_line' id='line_1_13' title="bbox 273 2000 1127 2097; baseline 0 -23"><span class='ocrx_word' id='word_1_66' title='bbox 273 2000 520 2097; x_wconf 88' lang='lat' dir='ltr'>conscripsisse</span> <span class='ocrx_word' id='word_1_67' title='bbox 537 2017 682 2073; x_wconf 90' lang='lat' dir='ltr'>constat.</span> <span class='ocrx_word' id='word_1_68' title='bbox 697 2011 720 2055; x_wconf 80' lang='lat'>³³</span> <span class='ocrx_word' id='word_1_69' title='bbox 742 2002 791 2072; x_wconf 87' lang='lat' dir='ltr'>Ex</span> <span class='ocrx_word' id='word_1_70' title='bbox 811 2002 875 2073; x_wconf 86' lang='lat' dir='ltr'>hac</span> <span class='ocrx_word' id='word_1_71' title='bbox 889 2000 1036 2097; x_wconf 90' lang='lat' dir='ltr'>epistola</span> <span class='ocrx_word' id='word_1_72' title='bbox 1051 2003 1127 2074; x_wconf 86' lang='lat' dir='ltr'>Ka-</span> 
     </span>
     <span class='ocr_line' id='line_1_14' title="bbox 275 2114 1128 2211; baseline 0.001 -22"><span class='ocrx_word' id='word_1_73' title='bbox 275 2114 384 2189; x_wconf 87' lang='lat' dir='ltr'>lendis</span> <span class='ocrx_word' id='word_1_74' title='bbox 398 2116 592 2189; x_wconf 87' lang='lat' dir='ltr'>Februariis</span> <span class='ocrx_word' id='word_1_75' title='bbox 601 2141 630 2189; x_wconf 91' lang='lat' dir='ltr'>a.</span> <span class='ocrx_word' id='word_1_76' title='bbox 650 2114 1128 2211; x_wconf 79' lang='lat' dir='ltr'>1436datadiscimusGeor·</span> 
     </span>
     <span class='ocr_line' id='line_1_15' title="bbox 273 2231 1128 2329; baseline 0.002 -26"><span class='ocrx_word' id='word_1_77' title='bbox 273 2231 363 2329; x_wconf 88' lang='lat' dir='ltr'>gium</span> <span class='ocrx_word' id='word_1_78' title='bbox 394 2231 637 2328; x_wconf 87' lang='lat' dir='ltr'>Bevilacquam</span> <span class='ocrx_word' id='word_1_79' title='bbox 659 2248 842 2328; x_wconf 86' lang='lat' dir='ltr'>antequam</span> <span class='ocrx_word' id='word_1_80' title='bbox 864 2232 1038 2305; x_wconf 87' lang='lat' dir='ltr'>Patavium</span> <span class='ocrx_word' id='word_1_81' title='bbox 1056 2249 1128 2306; x_wconf 94' lang='lat' dir='ltr'>stu·</span> 
     </span>
     <span class='ocr_line' id='line_1_16' title="bbox 274 2344 1128 2422; baseline 0.002 -3"><span class='ocrx_word' id='word_1_82' title='bbox 274 2345 407 2419; x_wconf 90' lang='lat' dir='ltr'>diorum</span> <span class='ocrx_word' id='word_1_83' title='bbox 438 2370 542 2420; x_wconf 86' lang='lat' dir='ltr'>causa</span> <span class='ocrx_word' id='word_1_84' title='bbox 572 2344 769 2420; x_wconf 90' lang='lat' dir='ltr'>discederet</span> <span class='ocrx_word' id='word_1_85' title='bbox 804 2372 869 2419; x_wconf 86' lang='lat' dir='ltr'>una</span> <span class='ocrx_word' id='word_1_86' title='bbox 894 2372 972 2420; x_wconf 90' lang='lat' dir='ltr'>cum</span> <span class='ocrx_word' id='word_1_87' title='bbox 996 2348 1128 2422; x_wconf 86' lang='lat' dir='ltr'>Iacobo</span> 
     </span>
     <span class='ocr_line' id='line_1_17' title="bbox 276 2460 1129 2559; baseline 0.004 -25"><span class='ocrx_word' id='word_1_88' title='bbox 276 2462 482 2559; x_wconf 84' lang='lat' dir='ltr'>Lavngnola,</span> <span class='ocrx_word' id='word_1_89' title='bbox 509 2460 566 2558; x_wconf 92' lang='lat' dir='ltr'>qui</span> <span class='ocrx_word' id='word_1_90' title='bbox 594 2462 737 2535; x_wconf 81' lang='lat' dir='ltr'>sortasse</span> <span class='ocrx_word' id='word_1_91' title='bbox 764 2462 826 2535; x_wconf 89' lang='lat' dir='ltr'>iam</span> <span class='ocrx_word' id='word_1_92' title='bbox 855 2480 923 2536; x_wconf 91' lang='lat' dir='ltr'>tum</span> <span class='ocrx_word' id='word_1_93' title='bbox 944 2465 1129 2537; x_wconf 90' lang='lat' dir='ltr'>Bartholo-</span> 
     </span>
     <span class='ocr_line' id='line_1_18' title="bbox 276 2577 1128 2674; baseline 0.001 -25"><span class='ocrx_word' id='word_1_94' title='bbox 276 2602 397 2651; x_wconf 88' lang='lat' dir='ltr'>maeam</span> <span class='ocrx_word' id='word_1_95' title='bbox 408 2578 620 2674; x_wconf 83' lang='lat' dir='ltr'>Nogarolam</span> <span class='ocrx_word' id='word_1_96' title='bbox 633 2577 664 2648; x_wconf 93' lang='lat' dir='ltr'>in</span> <span class='ocrx_word' id='word_1_97' title='bbox 676 2577 922 2650; x_wconf 89' lang='lat' dir='ltr'>matrimonium</span> <span class='ocrx_word' id='word_1_98' title='bbox 933 2577 1088 2667; x_wconf 87' lang='lat' dir='ltr'>duxerat,</span> <span class='ocrx_word' id='word_1_99' title='bbox 1100 2590 1128 2636; x_wconf 79' lang='lat'>³⁴</span> 
     </span>
     <span class='ocr_line' id='line_1_19' title="bbox 274 2691 1126 2791; baseline 0.002 -25"><span class='ocrx_word' id='word_1_100' title='bbox 274 2692 319 2766; x_wconf 89' lang='lat' dir='ltr'>ad</span> <span class='ocrx_word' id='word_1_101' title='bbox 345 2716 482 2766; x_wconf 93' lang='lat' dir='ltr'>sorores</span> <span class='ocrx_word' id='word_1_102' title='bbox 509 2691 665 2765; x_wconf 85' lang='lat' dir='ltr'>visendas</span> <span class='ocrx_word' id='word_1_103' title='bbox 683 2692 726 2766; x_wconf 89' lang='lat' dir='ltr'>ad</span> <span class='ocrx_word' id='word_1_104' title='bbox 749 2695 927 2791; x_wconf 86' lang='lat' dir='ltr'>Cyaneum</span> <span class='ocrx_word' id='word_1_105' title='bbox 954 2697 1126 2769; x_wconf 88' lang='lat' dir='ltr'>rusculum</span> 
     </span>
     <span class='ocr_line' id='line_1_20' title="bbox 274 2808 1128 2905; baseline 0.005 -25"><span class='ocrx_word' id='word_1_106' title='bbox 274 2811 328 2881; x_wconf 90' lang='lat' dir='ltr'>vel</span> <span class='ocrx_word' id='word_1_107' title='bbox 359 2808 460 2882; x_wconf 92' lang='lat' dir='ltr'>alium</span> <span class='ocrx_word' id='word_1_108' title='bbox 499 2808 749 2905; x_wconf 86' lang='lat' dir='ltr'>Nogarolarum</span> <span class='ocrx_word' id='word_1_109' title='bbox 784 2833 900 2905; x_wconf 86' lang='lat' dir='ltr'>agrum</span> <span class='ocrx_word' id='word_1_110' title='bbox 936 2810 1128 2884; x_wconf 85' lang='lat' dir='ltr'>accessisse</span> 
     </span>
     <span class='ocr_line' id='line_1_21' title="bbox 275 2922 1128 3021; baseline 0.002 -23"><span class='ocrx_word' id='word_1_111' title='bbox 275 2948 404 3021; x_wconf 89' lang='lat' dir='ltr'>easque</span> <span class='ocrx_word' id='word_1_112' title='bbox 423 2922 509 2996; x_wconf 88' lang='lat' dir='ltr'>inter</span> <span class='ocrx_word' id='word_1_113' title='bbox 526 2922 637 2997; x_wconf 90' lang='lat' dir='ltr'>studia</span> <span class='ocrx_word' id='word_1_114' title='bbox 646 2939 682 2997; x_wconf 88' lang='lat' dir='ltr'>et</span> <span class='ocrx_word' id='word_1_115' title='bbox 691 2926 823 2998; x_wconf 85' lang='lat' dir='ltr'>lacteos</span> <span class='ocrx_word' id='word_1_116' title='bbox 833 2925 1016 3001; x_wconf 87' lang='lat' dir='ltr'>Ciceronis</span> <span class='ocrx_word' id='word_1_117' title='bbox 1030 2926 1128 3000; x_wconf 88' lang='lat' dir='ltr'>libel-</span> 
     </span>
     <span class='ocr_line' id='line_1_22' title="bbox 275 3037 1129 3137; baseline 0.006 -26"><span class='ocrx_word' id='word_1_118' title='bbox 275 3041 328 3112; x_wconf 89' lang='lat' dir='ltr'>los</span> <span class='ocrx_word' id='word_1_119' title='bbox 341 3037 537 3128; x_wconf 83' lang='lat' dir='ltr'>offendisse,</span> <span class='ocrx_word' id='word_1_120' title='bbox 553 3055 588 3111; x_wconf 88' lang='lat' dir='ltr'>et</span> <span class='ocrx_word' id='word_1_121' title='bbox 605 3055 786 3137; x_wconf 92' lang='lat' dir='ltr'>postquam</span> <span class='ocrx_word' id='word_1_122' title='bbox 803 3064 864 3136; x_wconf 90' lang='lat' dir='ltr'>per</span> <span class='ocrx_word' id='word_1_123' title='bbox 881 3043 990 3113; x_wconf 89' lang='lat' dir='ltr'>colles</span> <span class='ocrx_word' id='word_1_124' title='bbox 1008 3043 1129 3116; x_wconf 90' lang='lat' dir='ltr'>ambu-</span> 
     </span>
     <span class='ocr_line' id='line_1_23' title="bbox 276 3153 1129 3253; baseline 0.006 -26"><span class='ocrx_word' id='word_1_125' title='bbox 276 3155 385 3227; x_wconf 87' lang='lat' dir='ltr'>lantes</span> <span class='ocrx_word' id='word_1_126' title='bbox 419 3171 456 3226; x_wconf 88' lang='lat' dir='ltr'>et</span> <span class='ocrx_word' id='word_1_127' title='bbox 485 3153 570 3227; x_wconf 93' lang='lat' dir='ltr'>retia</span> <span class='ocrx_word' id='word_1_128' title='bbox 602 3154 742 3227; x_wconf 88' lang='lat' dir='ltr'>aviculis</span> <span class='ocrx_word' id='word_1_129' title='bbox 780 3154 962 3229; x_wconf 87' lang='lat' dir='ltr'>tendentes</span> <span class='ocrx_word' id='word_1_130' title='bbox 993 3173 1129 3253; x_wconf 93' lang='lat' dir='ltr'>tempus</span> 
     </span>
     <span class='ocr_line' id='line_1_24' title="bbox 276 3269 1130 3348; baseline 0.007 -6"><span class='ocrx_word' id='word_1_131' title='bbox 276 3269 517 3344; x_wconf 91' lang='lat' dir='ltr'>iucundissime</span> <span class='ocrx_word' id='word_1_132' title='bbox 536 3270 703 3344; x_wconf 89' lang='lat' dir='ltr'>trivissent</span> <span class='ocrx_word' id='word_1_133' title='bbox 728 3297 806 3344; x_wconf 89' lang='lat' dir='ltr'>eum</span> <span class='ocrx_word' id='word_1_134' title='bbox 833 3289 978 3345; x_wconf 90' lang='lat' dir='ltr'>amatre</span> <span class='ocrx_word' id='word_1_135' title='bbox 999 3274 1130 3348; x_wconf 88' lang='lat' dir='ltr'>Blanca</span> 
     </span>
     <span class='ocr_line' id='line_1_25' title="bbox 275 3385 1129 3482; baseline 0.005 -25"><span class='ocrx_word' id='word_1_136' title='bbox 275 3401 430 3482; x_wconf 87' lang='lat' dir='ltr'>rogatum</span> <span class='ocrx_word' id='word_1_137' title='bbox 449 3410 537 3475; x_wconf 89' lang='lat' dir='ltr'>esse,</span> <span class='ocrx_word' id='word_1_138' title='bbox 549 3403 585 3459; x_wconf 90' lang='lat' dir='ltr'>ut</span> <span class='ocrx_word' id='word_1_139' title='bbox 601 3385 629 3458; x_wconf 88' lang='lat' dir='ltr'>si</span> <span class='ocrx_word' id='word_1_140' title='bbox 647 3385 730 3482; x_wconf 92' lang='lat' dir='ltr'>quid</span> <span class='ocrx_word' id='word_1_141' title='bbox 748 3411 864 3460; x_wconf 91' lang='lat' dir='ltr'>earum</span> <span class='ocrx_word' id='word_1_142' title='bbox 878 3386 996 3460; x_wconf 87' lang='lat' dir='ltr'>studiis</span> <span class='ocrx_word' id='word_1_143' title='bbox 1011 3387 1129 3461; x_wconf 81' lang='lat' dir='ltr'>fructi·</span> 
     </span>
     <span class='ocr_line' id='line_1_26' title="bbox 277 3500 1129 3600; baseline 0.007 -28"><span class='ocrx_word' id='word_1_144' title='bbox 277 3500 384 3572; x_wconf 87' lang='lat' dir='ltr'>serum</span> <span class='ocrx_word' id='word_1_145' title='bbox 404 3500 548 3573; x_wconf 89' lang='lat' dir='ltr'>haberet</span> <span class='ocrx_word' id='word_1_146' title='bbox 561 3525 620 3574; x_wconf 87' lang='lat' dir='ltr'>eas</span> <span class='ocrx_word' id='word_1_147' title='bbox 634 3500 820 3600; x_wconf 89' lang='lat' dir='ltr'>participes</span> <span class='ocrx_word' id='word_1_148' title='bbox 833 3501 1004 3576; x_wconf 88' lang='lat' dir='ltr'>redderet.</span> <span class='ocrx_word' id='word_1_149' title='bbox 1017 3502 1129 3579; x_wconf 89' lang='lat' dir='ltr'>Cuius</span> 
     </span>
    </p>
   </div>
   <div class='ocr_carea' id='block_1_3' title="bbox 0 0 1439 4694">
    <p class='ocr_par' dir='ltr' id='par_1_4' title="bbox 0 0 1439 4694">
     <span class='ocr_line' id='line_1_27' title="bbox 0 0 1439 4694; baseline 0 0"><span class='ocrx_word' id='word_1_150' title='bbox 0 0 1439 4694; x_wconf 95' lang='lat' dir='ltr'> </span> 
     </span>
    </p>
   </div>
  </div>
 </body>
</html>
