2850 4694
599 613 696 671 uxxrn'

216 798 291 855 toto
316 781 417 856 animi
435 781 560 856 ardore
586 779 704 854 litteris
733 804 772 854 se
802 779 964 854 dedisset
997 780 1070 854 Ce-

216 915 300 971 terae
326 921 413 970 vana
435 921 536 994 quarn
556 895 675 969 litteris
691 895 969 992 carminibusque
986 895 1070 969 scri·

215 1011 339 1087 bendis
373 1010 512 1110 adeptae
542 1027 620 1086 sunt
648 1011 757 1110 gloria
790 1027 966 1086 contentae
992 1035 1070 1086 raro

215 1130 270 1202 vel
299 1128 344 1202 ad
373 1127 549 1203 orationes
578 1151 623 1201 ex
652 1127 841 1202 occasione
870 1126 1070 1202 scribendas

214 1244 448 1343 assurgebant,
480 1245 571 1317 lsota
601 1268 681 1317 mox
708 1242 883 1317 intellecta
911 1241 987 1317 talis
1020 1243 1068 1317 rei

214 1360 363 1434 vanitate
393 1358 438 1433 ad
463 1383 579 1433 sacras
605 1356 733 1432 litteras
757 1358 904 1431 animum
927 1357 1069 1457 appulit,

214 1500 259 1549 ex
289 1499 430 1573 quarum
457 1474 572 1548 studio
606 1499 695 1572 quos
730 1473 859 1549 sructus
892 1473 1070 1573 percepis-

215 1607 269 1665 set
294 1616 387 1665 novo
412 1606 518 1687 atque
544 1605 707 1686 quantum
734 1588 806 1663 lieri
837 1605 974 1687 poterat
998 1590 1070 1663 ele·

213 1706 306 1805 ganti
337 1705 478 1781 dicendi
507 1730 638 1805 genere
664 1705 852 1779 lectoribus
877 1705 1067 1804 proposuit

215 1824 358 1923 Quanta
390 1838 504 1897 autem
539 1821 572 1895 in
615 1846 659 1896 ea
692 1821 793 1896 suerit
825 1820 963 1896 dicendi
998 1823 1070 1895 ele-

213 1937 339 2036 gantia,
374 1937 487 2012 statim
521 1937 720 2035 apparebit,
758 1937 900 2013 simulac
941 1937 1070 2012 litteras

214 2053 350 2152 aliaque
367 2079 475 2153 opera
488 2055 533 2128 ab
549 2077 593 2128 ea
610 2052 739 2151 scripta
755 2053 781 2128 si
800 2079 869 2128 non
887 2078 965 2127 curn
979 2052 1069 2152 opti-

216 2195 347 2244 morum
357 2169 608 2245 renascentium
622 2169 807 2243 litterarum
821 2168 967 2243 virorum
981 2193 1069 2268 ope-

215 2285 317 2377 ribus,
343 2302 379 2361 at
403 2289 523 2361 saltem
553 2309 632 2359 cunr
658 2285 709 2359 eis
735 2285 853 2359 litteris
887 2309 1069 2383 compara·

214 2401 371 2490 verimus,
389 2427 470 2500 quae
499 2427 521 2476 a
550 2399 720 2476 nonnullis
749 2402 926 2500 praeclarae
944 2398 1069 2475 indolis

215 2516 359 2591 Guarini
403 2515 579 2615 discipulis
604 2533 640 2591 et
673 2543 694 2591 a
723 2515 930 2591 Constantia
961 2518 1068 2591 Vara-

215 2632 294 2708 neia
322 2634 425 2707 lsotae
458 2634 582 2707 ramula
614 2630 658 2706 ad
692 2656 769 2707 eam
802 2631 942 2730 scriptae
978 2647 1067 2721 sunt,

215 2772 301 2846 quas
330 2747 477 2847 eleganti
512 2746 676 2822 orationis
709 2772 839 2844 genere
881 2748 935 2821 vel
964 2770 1067 2847 supe-

215 2862 298 2939 ravit
315 2865 369 2937 vel
387 2865 507 2938 saltem
525 2863 684 2961 aequavit

265 2976 405 3079 Quodsi
439 2977 671 3053 addiderimus
705 2980 829 3052 lsotam
864 2978 1067 3053 evetustis·

214 3093 299 3168 sirna
333 3093 438 3167 ltaliae
472 3093 577 3167 nobili
612 3092 773 3191 prosapia
809 3117 889 3190 quae
923 3094 1067 3167 nonnul-

215 3211 267 3283 los
291 3209 383 3283 viros
407 3207 566 3283 doctrina
590 3207 780 3306 litterisque
809 3210 922 3282 claros
948 3232 1066 3282 nurne-

215 3324 311 3398 rabat
319 3340 429 3399 ortam
443 3349 487 3399 ea
499 3340 603 3399 aetate
613 3322 731 3398 litteris
741 3323 869 3398 Latinis
878 3323 1065 3413 vacavisse,

215 3462 284 3536 qua
317 3439 350 3512 in
384 3439 499 3515 Gallia
531 3464 614 3514 sane
644 3438 823 3537 Cisalpina
842 3439 965 3514 litterae
994 3438 1066 3512 vix-

215 3551 295 3628 dum
330 3570 458 3630 renatae
491 3570 618 3646 essent,
653 3552 805 3652 denique
835 3553 915 3630 talia
940 3553 1064 3653 ingenii
