2850 4694
845 593 881 655 2ss

447 761 650 838 tissimorum
682 766 855 838 hominum
890 763 1040 862 elligiem
1072 764 1298 862 contemplari

448 880 568 970 fassit,
586 881 649 955 sed
677 881 749 954 illas
767 881 800 953 in
822 880 1007 980 Corneliae·
1027 880 1140 953 matris
1165 880 1299 977 gremio

447 995 573 1093 pariter
589 1021 632 1070 ac
649 1021 808 1071 sermone
827 996 992 1071 educatas
1009 1013 1184 1093 appareat.
1208 997 1298 1068 Tum

447 1136 517 1210 ego
534 1112 628 1186 dicta
645 1112 742 1185 huius
759 1112 929 1186 admirans
955 1112 1101 1185 frontem
1128 1111 1300 1210 inspicere

422 1228 556 1325 scoepi,
588 1244 759 1324 tamquam
791 1253 878 1302 meae
910 1245 1024 1325 partes
1049 1244 1165 1301 essent
1194 1227 1300 1324 ipsius

448 1343 650 1417 sententiam
677 1343 853 1417 adnotare.
883 1343 976 1416 Petit
993 1368 1014 1416 a
1031 1368 1097 1431 me,
1122 1368 1199 1415 num
1218 1367 1301 1416 vera

448 1476 708 1531 commemoret.
746 1459 832 1556 Ego,
864 1459 921 1555 qui
951 1460 1085 1546 vellem,
1112 1458 1138 1531 si
1166 1457 1200 1531 id
1226 1458 1299 1530 fieri

448 1573 540 1670 potis
557 1590 660 1661 esset,
679 1599 740 1647 vos
760 1574 911 1671 undique
929 1574 1180 1648 laudationibus
1198 1575 1300 1648 meri-

448 1688 490 1761 tis
515 1688 638 1762 efferre
667 1713 709 1762 ac
739 1688 936 1786 dignissima
968 1690 1077 1787 gratia
1101 1689 1230 1787 vigilias
1256 1715 1300 1764 ac

407 1831 437 1868 ιο
448 1804 585 1877 labores
602 1822 735 1878 vestros
752 1829 886 1893 ornare,
902 1830 970 1877 non
985 1805 1093 1878 modo
1106 1805 1187 1877 illud
1205 1830 1300 1879 asse·

449 1918 572 2005 veravi,
590 1919 654 1993 sed
672 1945 803 1993 morum
818 1938 1006 1993 vestrorum
1024 1920 1235 2018 gravitatem,
1253 1923 1300 1993 ab

449 2034 586 2108 ineunte
603 2052 708 2108 aetate
730 2035 987 2119 continentiam,
1007 2034 1232 2132 integritatem
1251 2036 1300 2108 vi·

449 2165 506 2239 tae,
532 2149 677 2224 divinam
708 2151 880 2248 quandam
911 2150 1074 2237 indolem,
1102 2151 1298 2224 industriam

448 2263 692 2353 admirabilem,
712 2322 719 2337 .
740 2323 747 2337 .
768 2323 776 2338 .
809 2265 1057 2362 perliberalem,
1095 2265 1300 2363 ingeniaque

407 2410 433 2464 ις
449 2398 570 2470 vestra,
581 2382 761 2453 verborum
772 2400 808 2454 et
816 2381 1058 2455 sententiarum
1071 2381 1196 2454 lumina
1209 2381 1265 2454 ref
1285 2423 1301 2434 -

448 2496 577 2585 rebam,
609 2496 731 2592 quibus
766 2513 938 2592 tamquam
974 2496 1158 2593 insignibus
1188 2514 1300 2570 vestra

448 2611 559 2684 omnis
584 2610 806 2707 distinguatur
832 2612 953 2685 oratio.
990 2613 1079 2684 Tum
1106 2637 1168 2684 vos
1195 2637 1298 2686 unus-

448 2726 595 2823 quisque
629 2727 806 2823 plurimum
841 2726 1118 2814 commendabat,
1155 2745 1190 2799 ut
1219 2753 1300 2824 quae

449 2867 518 2915 non
536 2842 690 2915 muliebri
708 2834 809 2931 lacte,
828 2842 908 2916 dum
927 2867 988 2916 vos
1006 2843 1093 2916 inter
1109 2843 1300 2940 crepundia

495 3085 529 3152 (ι)
546 3090 633 3150 eloqu.
649 3088 739 3139 studiis
753 3090 795 3138 etl.
812 3091 879 3140 hom.
899 3090 929 3140 0
963 3091 997 3154 (ι)
1014 3091 1052 3140 tas
1066 3100 1106 3141 est
1120 3092 1184 3141 GM.
1213 3100 1253 3140 set
1269 3092 1296 3140 V.

449 3166 484 3231 (ς)
507 3174 525 3217 t.
551 3182 592 3218 me
616 3181 642 3230 p.
669 3169 699 3218 G
735 3169 769 3233 (6)
785 3169 913 3219 advocare
931 3171 964 3231 G,
987 3180 1106 3221 annotate
1125 3173 1152 3220 V.
1193 3185 1297 3222 menon

448 3261 471 3295 v.
491 3247 545 3296 CV.
587 3248 622 3310 (7)
646 3258 827 3298 commemorat
852 3251 885 3300 G.
920 3251 953 3313 (8)
980 3251 1093 3313 undique
1115 3266 1161 3301 om.
1181 3253 1214 3302 G.
1248 3255 1299 3300 lau-

449 3325 558 3376 dacione
575 3328 608 3377 G.
653 3329 748 3377 meritis
768 3342 814 3377 οιιι.
839 3331 865 3377 V.
911 3329 945 3392 (9)
969 3330 1049 3379 effere
1065 3331 1096 3380 C.
1144 3332 1194 3393 (ιι)
1208 3340 1247 3380 set
1269 3333 1297 3379 V.

449 3405 499 3467 (ιι)
516 3408 544 3455 lu
560 3407 627 3456 codd.
646 3406 713 3456 ιιιιὶἱα
729 3410 785 3457 sunl
809 3407 901 3458 boum
924 3408 1001 3472 rigna.
1043 3412 1250 3471 perliberabilenr
1265 3412 1296 3459 V.

449 3485 547 3563 (15³9)
561 3488 816 3537 verborum-vestra
823 3502 870 3537 οιιι.
882 3488 912 3537 C.
947 3489 997 3552 (ιθ)
1006 3491 1126 3540 comend.
1135 3493 1172 3540 M.
1200 3490 1247 3552 (ιθ.
1260 3496 1298 3554 19)

450 3572 529 3626 utque
546 3579 596 3614 non
614 3566 644 3614 C.
674 3567 723 3630 (19)
733 3567 789 3621 dua
806 3582 829 3616 v.
853 3568 879 3616 V.
