2926 5168
685 1070 728 1113 vn

284 1224 410 1299 decimi
442 1224 551 1323 quarti
582 1223 690 1314 annis,
718 1223 886 1298 doctrinae
908 1224 999 1299 lama
1015 1223 1136 1297 claruit

283 1339 426 1412 Antonia
453 1341 631 1435 Nogarola
656 1337 805 1412 Gusredi
832 1338 927 1428 liliam
943 1363 1045 1436 quam
1063 1340 1136 1412 Sal-

283 1455 415 1529 vaticus
440 1454 643 1543 Bonaeorsi‚
668 1453 839 1528 Passerini
867 1455 1023 1527 Mantuae
1045 1453 1136 1551 prin-

283 1571 372 1668 cipis
389 1595 509 1669 nepos,
527 1594 557 1642 a.
584 1570 674 1663 1318
692 1594 833 1643 uxorem
851 1567 957 1642 duxit.

333 1689 419 1787 Quo
430 1685 536 1783 magis
545 1683 734 1758 dolendum
747 1701 801 1758 est
811 1671 907 1782 quod
920 1709 996 1758 eam
1007 1700 1134 1757 tantum

283 1826 327 1875 ex
348 1800 473 1874 Valerii
498 1799 645 1873 Palermi
662 1799 775 1873 verbis
792 1799 992 1873 honorificis
1016 1799 1137 1896 cogni-

284 1932 351 1989 tam
383 1916 558 1989 habemus.
593 1916 697 1988 Plura
727 1931 763 1986 ut
784 1913 829 1988 de
850 1915 917 1989 alia
937 1913 1137 1988 doctissima

284 2029 383 2102 huius
417 2029 554 2103 samiliae
575 2029 703 2103 femina
719 2029 846 2128 Angelo
870 2029 1137 2104 rescisceremus

283 2144 383 2218 nobis
408 2143 564 2242 contigit,
598 2144 697 2218 cuius
726 2144 924 2219 memoriam
957 2143 1138 2243 Philippus

284 2260 529 2357 Bergomensis
559 2260 593 2332 in
623 2261 783 2359 singulari
813 2260 930 2358 operis
963 2260 1060 2358 quod
1091 2259 1137 2334 de

284 2375 385 2449 claris
401 2376 612 2474 selectisque
630 2376 828 2450 mulieribus
845 2376 1052 2475 conscripsit
1078 2399 1137 2450 ca·

283 2491 393 2589 pitulo
410 2491 638 2565 consecravit.
659 2493 710 2565 Ex
728 2517 799 2591 quo
816 2494 982 2590 Angelum
997 2491 1135 2565 Antonii

285 2609 476 2705 Nogarolae
501 2609 615 2699 filiam,
641 2609 780 2682 Antonii
807 2608 853 2683 de
870 2614 964 2683 Areo
982 2635 1135 2700 uxorem,

285 2724 497 2822 temporibus
536 2724 589 2796 Pii
631 2724 811 2798 Pontificis
856 2725 999 2799 Maximi
1039 2725 1137 2799 huius

285 2839 430 2912 nominis
471 2838 615 2913 secundi
657 2838 780 2913 vixisse
814 2856 851 2914 et
884 2839 1137 2937 pulchritudine

284 2953 529 3054 virtutibusque
547 2979 616 3027 non
634 2954 743 3028 minus
761 2978 863 3054 quam
881 2955 1023 3052 poetica
1035 2954 1137 3029 laude

283 3069 439 3143 floruisse
448 3068 868 3167 discimusscripsisseque
879 3069 1137 3166 Eclogasimmo

285 3185 466 3257 Centones
495 3182 542 3258 de
563 3185 665 3258 rebus
691 3184 725 3256 in
741 3207 840 3258 sacra
856 3183 1024 3282 scriptura
1041 3208 1137 3258 com-

285 3298 490 3373 memoratis.
517 3302 637 3397 ltaque
663 3301 851 3374 Zeneverae
872 3316 910 3373 et
925 3303 1027 3374 lsotae
1043 3299 1137 3374 aetati

285 3415 472 3489 coniuncta
496 3414 600 3488 luisse
625 3414 790 3512 Philippo
808 3414 1033 3512 Bergomensi
1053 3417 1137 3488 mul·

285 3530 397 3629 tisque
422 3531 496 3605 aliis
521 3529 711 3604 videbatur.
733 3535 894 3604 Attamen
912 3529 1135 3603 certissimum

284 3664 338 3720 est
379 3672 456 3720 eam
490 3645 634 3720 dimidio
668 3644 840 3718 minimum
875 3649 1007 3719 saeculo
1045 3645 1137 3743 prius

285 3775 435 3836 exeunte
452 3764 584 3837 saeculo
597 3760 736 3835 decimo
754 3777 877 3859 quarto
895 3777 931 3834 et
948 3760 1137 3859 primissae-

286 3879 352 3951 culi
379 3877 505 3951 decimi
535 3876 644 3977 quinti
677 3876 773 3950 annis
802 3875 935 3949 vixisse.
969 3875 1138 3949 Nicolaus

288 3995 418 4067 Luscus
444 3993 534 4066 enim
562 3992 595 4063 in
621 3993 746 4089 ecloga
768 3990 862 4064 circa
890 4015 1014 4064 annum
1048 3994 1137 4086 1436
