2926 5168
883 589 926 637 cll

481 747 630 808 bellianicas,
651 748 692 796 vel
718 744 845 804 rudeis,
862 758 938 807 quum
955 743 1030 801 omni,
1049 750 1076 792 et
1092 741 1206 804 qualibet
1233 743 1282 792 alis
1299 756 1337 792 re·

480 829 560 889 tione,
578 828 643 886 iure,
661 825 749 885 modo,
768 827 808 873 vel
833 836 918 873 causa.
944 822 1047 872 Deinde
1073 822 1175 884 reliquit
1200 829 1226 870 et
1243 823 1336 885 legauit

481 909 577 971 Msgn.,
603 913 630 955 et
651 906 790 956 Generoso
813 903 886 951 Militi
913 904 990 951 Doni.
1017 903 1128 951 Antonio
1145 901 1179 950 de
1198 902 1336 966 Nogarolis

481 987 570 1036 Fratre
596 1000 654 1047 suo,
682 999 760 1047 quem
786 985 867 1049 diligit
894 999 938 1046 qu.
965 982 1077 1046 prefecti
1095 984 1129 1030 D.
1156 982 1284 1031 Leonardi
1301 982 1335 1031 de

481 1066 618 1130 Nogarolis
639 1066 731 1128 partim
751 1064 832 1127 ipsius
855 1064 1000 1115 Testatoris
1024 1064 1124 1112 Domus
1140 1062 1175 1111 de
1191 1063 1216 1111 S.
1236 1062 1335 1111 Cecllia

480 1149 503 1196 in
531 1161 582 1209 qua
609 1146 704 1196 habitat
731 1145 884 1209 Legatorius
911 1145 967 1206 ipse
996 1152 1022 1192 ut
1047 1144 1103 1205 ipse
1126 1156 1183 1191 eam
1207 1144 1230 1191 in
1253 1150 1334 1191 totum

480 1226 581 1286 lrabeat,
600 1234 626 1274 et
643 1224 794 1286 etquidem
820 1226 891 1286 Lege
913 1223 973 1272 iecit
997 1223 1047 1272 vid.
1074 1223 1145 1284 quod
1163 1224 1247 1272 omnis
1264 1223 1335 1272 Bona

480 1319 540 1368 ques
562 1306 664 1354 luerunt
681 1305 715 1354 de
734 1305 811 1353 Bonis
828 1312 854 1352 et
872 1303 1075 1352 Hereditatibus
1091 1317 1117 1364 q.
1137 1304 1213 1352 Dom.
1234 1304 1335 1353 Blancae

479 1398 570 1435 eorum
596 1385 692 1442 Metris,
709 1393 735 1433 et
753 1385 787 1432 D.
807 1385 882 1433 lsoue
897 1396 987 1431 eorum
1004 1383 1102 1432 sororis
1117 1382 1141 1430 in
1156 1391 1237 1432 totum
1255 1396 1335 1433 reme·

480 1474 556 1516 neunt
583 1464 741 1514 Heredlbus
762 1463 824 1513 dicti
850 1462 1003 1521 Testatoris,
1032 1470 1058 1510 et
1081 1462 1115 1511 de
1140 1463 1178 1510 eis
1201 1462 1234 1510 ad
1253 1463 1334 1524 ipsum

482 1547 566 1609 Magn.
586 1547 620 1593 D.
637 1543 774 1592 Antonium
791 1542 850 1590 nibil
868 1542 996 1604 pertinent
1013 1550 1081 1591 etse.

527 1622 723 1673 Commissarios
737 1630 825 1671 eutem
841 1635 912 1681 suos,
931 1629 957 1672 et
975 1622 1050 1670 liuius
1064 1635 1118 1670 sue
1136 1621 1230 1669 ultime
1247 1624 1335 1670 volun·

481 1705 539 1753 tatis
555 1714 581 1753 et
597 1703 755 1752 Testamenti
772 1703 931 1752 Executores
945 1702 1059 1761 instituit,
1077 1701 1212 1761 ordinauit,
1232 1710 1258 1750 et
1275 1715 1334 1750 esse

481 1784 560 1833 voluit
577 1782 722 1846 prolectam
748 1783 816 1844 Mag.
847 1782 924 1830 Dom.
950 1780 1050 1830 Clsrsnt
1076 1781 1230 1830 consortem
1254 1794 1333 1840 susm,

483 1863 632 1926 Magnilicos
649 1862 745 1910 Milites
762 1862 795 1909 D.
809 1861 945 1910 Antonium
956 1860 991 1910 de
1004 1861 1142 1924 Nogarolis
1152 1862 1209 1911 eius
1222 1863 1334 1910 Fratrem

483 1946 516 1992 D.
541 1942 729 1993 christoforum
755 1940 790 1990 de
816 1941 971 2004 peregrinis,
999 1954 1047 1990 nec
1071 1955 1121 1989 non
1145 1942 1179 1990 D.
1204 1943 1335 1990 Zenonem

481 2023 516 2073 de
533 2023 643 2072 Turcbis
658 2022 755 2084 quibus
770 2021 896 2080 omnibus,
913 2034 959 2070 seu
976 2021 1064 2070 melori
1081 2022 1146 2083 perti
1162 2035 1253 2070 eorum
1269 2023 1326 2070 ettri

483 2105 537 2154 buit
555 2112 580 2152 et
595 2102 715 2152 convenit
726 2102 918 2161 Auctoritatem,
934 2101 1046 2160 Basiliam,
1062 2110 1088 2149 et
1100 2103 1259 2150 Potestatern
1271 2114 1336 2163 prte-

481 2183 550 2233 dicta
576 2183 660 2232 omnia
686 2181 841 2243 exequendi,
874 2188 900 2229 et
930 2180 1094 2243 adimplendi,
1123 2189 1149 2229 et
1173 2190 1283 2244 propter
1304 2195 1335 2229 ea

482 2262 618 2321 vendendi,
638 2270 664 2311 et
679 2260 805 2310 alienandi
820 2260 855 2309 de
873 2260 959 2319 Bonis,
977 2269 1003 2309 et
1016 2260 1176 2310 Hoereditate
1188 2275 1237 2324 pro
1249 2275 1335 2310 norma

482 2344 592 2392 omnium
609 2342 791 2405 predictorum
808 2341 1028 2403 exequendorum.

528 2424 555 2471 ln
572 2422 690 2472 omnibus
700 2428 786 2471 eutem
801 2421 857 2481 eliis
873 2421 926 2469 suis
944 2421 1022 2470 Bonis
1039 2421 1187 2482 Mobilibus,
1207 2429 1233 2469 et
1250 2422 1336 2469 immo-

483 2503 584 2562 bilibus,
611 2501 709 2562 juribus
736 2509 762 2549 et
788 2500 932 2550 actionibus
960 2499 1116 2561 ubicumque
1143 2501 1200 2559 sint,
1226 2508 1252 2548 et
1276 2514 1335 2548 esse

484 2584 644 2645 reperientur
665 2595 728 2631 suos
752 2581 908 2630 universales
933 2579 1063 2629 Heredes
1086 2580 1199 2639 instituit,
1226 2587 1251 2629 et
1276 2594 1335 2628 esse

482 2663 563 2713 voluit
576 2662 686 2712 dilectos
701 2661 767 2711 lilios
782 2673 845 2711 suos
861 2661 995 2723 legitimos,
1005 2669 1030 2709 et
1048 2663 1174 2709 nsturales
1188 2659 1333 2718 Galeotum,

482 2742 661 2801 Alexandrum,
687 2750 713 2791 et
738 2740 859 2790 Cerolum
875 2741 1017 2802 equaliter,
1036 2748 1062 2788 et
1078 2740 1160 2801 eequis
1174 2739 1336 2801 portionibus

483 2834 537 2883 quo
560 2821 593 2870 sd
622 2822 727 2870 invicem
752 2819 882 2869 substituit
906 2819 1045 2882 vulgariter
1060 2819 1227 2882 pupillariter,
1246 2826 1272 2867 et
1288 2833 1337 2880 per

484 2899 704 2961 fidecomissum
728 2900 749 2948 si
765 2900 824 2961 quis
834 2911 925 2948 eorum
942 2899 997 2947 sine
1014 2898 1069 2948 filiis
1085 2898 1209 2961 legitimis,
1228 2906 1255 2947 et
1267 2907 1337 2946 netu·

484 2980 579 3029 talibus
602 2979 772 3039 decederent,
798 2978 832 3027 ita
850 2978 922 3040 quod
948 2979 1031 3038 alteri,
1049 2980 1132 3027 altero
1148 2977 1336 3027 deficientibus

482 3059 538 3108 liliis
555 3058 686 3124 predictis
696 3058 845 3108 succedant.
861 3059 886 3108 Si
895 3072 960 3108 vero
969 3056 1130 3108 decederent
1139 3071 1228 3107 omnes
1236 3057 1335 3119 ubsque

482 3139 571 3188 liberis
587 3139 712 3202 legitimis,
730 3147 758 3188 et
775 3139 938 3198 naturatibus,
958 3146 984 3187 et
1001 3137 1035 3186 de
1048 3138 1160 3201 legitimo
1173 3138 1336 3186 Matrimonio

484 3220 643 3282 procreetis:
675 3219 750 3267 Tunc
781 3218 881 3268 eisdem
910 3219 947 3267 sic
962 3216 1151 3267 decedentibus
1168 3219 1337 3280 proximiores

483 3303 596 3361 Agnatos
609 3299 739 3347 Masculus
749 3297 784 3347 de
797 3297 922 3361 Legitimo
932 3297 1095 3346 Matrimonio
1106 3304 1179 3346 nelos
1189 3297 1224 3345 de
1237 3298 1337 3346 Familia

484 3377 598 3439 ipsorum
624 3377 755 3426 Nobilium
775 3377 810 3427 de
835 3378 981 3440 Nogarolis,
1007 3378 1030 3424 in
1053 3377 1173 3439 Stirpem,
1202 3385 1229 3425 et
1246 3391 1295 3425 non
1313 3377 1337 3423 in

485 3457 577 3521 Capita
600 3458 730 3507 substituit
755 3466 782 3508 ut
804 3467 863 3508 ante
886 3457 1025 3520 vulgariter
1048 3457 1216 3519 pupillsriten
1242 3465 1267 3505 et
1289 3469 1338 3518 per

486 3525 714 3598 Fideicomissum3
739 3538 891 3598 Prohibens,
918 3545 943 3586 et
967 3537 1070 3586 omnino
1093 3545 1181 3585 vetans
1204 3537 1265 3599 ipsis
1282 3537 1337 3594 filiis
