<?xml version="1.0" encoding="UTF-8"?>
<!DOCTYPE html PUBLIC "-//W3C//DTD XHTML 1.0 Transitional//EN"
    "http://www.w3.org/TR/xhtml1/DTD/xhtml1-transitional.dtd">
<html xmlns="http://www.w3.org/1999/xhtml" xml:lang="en" lang="en">
 <head>
  <title>
</title>
<meta http-equiv="Content-Type" content="text/html;charset=utf-8" />
  <meta name='ocr-system' content='tesseract 3.04.00' />
  <meta name='ocr-capabilities' content='ocr_page ocr_carea ocr_par ocr_line ocrx_word'/>
</head>
<body>
  <div class='ocr_page' id='page_1' title='image "./isotnogarolvero00nogagoog/isotnogarolvero00nogagoog_0263.png"; bbox 0 0 2850 4694; ppageno 0'>
   <div class='ocr_carea' id='block_1_1' title="bbox 686 573 720 635">
    <p class='ocr_par' dir='ltr' id='par_1_1' title="bbox 686 573 720 635">
     <span class='ocr_line' id='line_1_1' title="bbox 686 573 720 635; baseline 0.029 -1"><span class='ocrx_word' id='word_1_1' title='bbox 686 573 720 635; x_wconf 80' lang='lat'>81</span> 
     </span>
    </p>
   </div>
   <div class='ocr_carea' id='block_1_2' title="bbox 268 741 1167 2562">
    <p class='ocr_par' dir='ltr' id='par_1_2' title="bbox 268 741 1167 2562">
     <span class='ocr_line' id='line_1_2' title="bbox 275 741 1123 838; baseline 0.002 -25"><span class='ocrx_word' id='word_1_2' title='bbox 275 741 381 838; x_wconf 86' lang='lat' dir='ltr'>magis</span> <span class='ocrx_word' id='word_1_3' title='bbox 408 741 497 814; x_wconf 89' lang='lat' dir='ltr'>haud</span> <span class='ocrx_word' id='word_1_4' title='bbox 526 759 704 837; x_wconf 83' lang='lat' dir='ltr'>respectus</span> <span class='ocrx_word' id='word_1_5' title='bbox 730 765 768 814; x_wconf 91' lang='lat' dir='ltr'>es</span> <span class='ocrx_word' id='word_1_6' title='bbox 787 765 888 837; x_wconf 87' lang='lat' dir='ltr'>quam</span> <span class='ocrx_word' id='word_1_7' title='bbox 907 742 933 814; x_wconf 88' lang='lat' dir='ltr'>si</span> <span class='ocrx_word' id='word_1_8' title='bbox 953 766 1123 838; x_wconf 90' lang='lat' dir='ltr'>nunquam</span> 
     </span>
     <span class='ocr_line' id='line_1_3' title="bbox 272 856 1124 954; baseline 0.004 -26"><span class='ocrx_word' id='word_1_9' title='bbox 272 873 374 954; x_wconf 84' lang='lat' dir='ltr'>gnata</span> <span class='ocrx_word' id='word_1_10' title='bbox 392 881 515 930; x_wconf 86' lang='lat' dir='ltr'>essem.</span> <span class='ocrx_word' id='word_1_11' title='bbox 539 859 607 929; x_wconf 83' lang='lat' dir='ltr'>Per</span> <span class='ocrx_word' id='word_1_12' title='bbox 621 858 738 929; x_wconf 83' lang='lat' dir='ltr'>urbem</span> <span class='ocrx_word' id='word_1_13' title='bbox 754 857 843 928; x_wconf 87' lang='lat' dir='ltr'>enim</span> <span class='ocrx_word' id='word_1_14' title='bbox 859 856 1013 945; x_wconf 84' lang='lat' dir='ltr'>irrideor,</span> <span class='ocrx_word' id='word_1_15' title='bbox 1029 883 1124 931; x_wconf 90' lang='lat' dir='ltr'>meus</span> 
     </span>
     <span class='ocr_line' id='line_1_4' title="bbox 274 970 1124 1060; baseline 0.001 -15"><span class='ocrx_word' id='word_1_16' title='bbox 274 997 329 1045; x_wconf 90' lang='lat' dir='ltr'>me</span> <span class='ocrx_word' id='word_1_17' title='bbox 362 970 451 1045; x_wconf 89' lang='lat' dir='ltr'>ordo</span> <span class='ocrx_word' id='word_1_18' title='bbox 486 971 632 1060; x_wconf 86' lang='lat' dir='ltr'>deridet,</span> <span class='ocrx_word' id='word_1_19' title='bbox 665 972 822 1044; x_wconf 89' lang='lat' dir='ltr'>neutrobi</span> <span class='ocrx_word' id='word_1_20' title='bbox 858 973 971 1046; x_wconf 91' lang='lat' dir='ltr'>habeo</span> <span class='ocrx_word' id='word_1_21' title='bbox 1002 972 1124 1046; x_wconf 88' lang='lat' dir='ltr'>stabile</span> 
     </span>
     <span class='ocr_line' id='line_1_5' title="bbox 272 1086 1124 1176; baseline 0.002 -17"><span class='ocrx_word' id='word_1_22' title='bbox 272 1087 453 1174; x_wconf 81' lang='lat' dir='ltr'>stabulum,</span> <span class='ocrx_word' id='word_1_23' title='bbox 471 1086 554 1160; x_wconf 89' lang='lat' dir='ltr'>asini</span> <span class='ocrx_word' id='word_1_24' title='bbox 574 1111 629 1159; x_wconf 89' lang='lat' dir='ltr'>me</span> <span class='ocrx_word' id='word_1_25' title='bbox 644 1086 817 1160; x_wconf 88' lang='lat' dir='ltr'>mordicus</span> <span class='ocrx_word' id='word_1_26' title='bbox 830 1087 1000 1176; x_wconf 91' lang='lat' dir='ltr'>scindunt,</span> <span class='ocrx_word' id='word_1_27' title='bbox 1016 1088 1124 1161; x_wconf 89' lang='lat' dir='ltr'>boves</span> 
     </span>
     <span class='ocr_line' id='line_1_6' title="bbox 273 1201 1165 1300; baseline 0.004 -27"><span class='ocrx_word' id='word_1_28' title='bbox 273 1226 328 1274; x_wconf 89' lang='lat' dir='ltr'>me</span> <span class='ocrx_word' id='word_1_29' title='bbox 346 1201 518 1276; x_wconf 85' lang='lat' dir='ltr'>incursant</span> <span class='ocrx_word' id='word_1_30' title='bbox 535 1202 706 1276; x_wconf 89' lang='lat' dir='ltr'>comibus.</span> <span class='ocrx_word' id='word_1_31' title='bbox 728 1204 818 1275; x_wconf 91' lang='lat' dir='ltr'>Nam</span> <span class='ocrx_word' id='word_1_32' title='bbox 836 1202 862 1275; x_wconf 89' lang='lat' dir='ltr'>si</span> <span class='ocrx_word' id='word_1_33' title='bbox 877 1227 945 1300; x_wconf 86' lang='lat' dir='ltr'>ego</span> <span class='ocrx_word' id='word_1_34' title='bbox 959 1205 1025 1276; x_wconf 89' lang='lat' dir='ltr'>hac</span> <span class='ocrx_word' id='word_1_35' title='bbox 1039 1227 1124 1276; x_wconf 94' lang='lat' dir='ltr'>con·</span> <span class='ocrx_word' id='word_1_36' title='bbox 1156 1232 1165 1277; x_wconf 76' lang='grc' dir='ltr'><strong>ς</strong></span> 
     </span>
     <span class='ocr_line' id='line_1_7' title="bbox 272 1317 1124 1414; baseline 0.002 -25"><span class='ocrx_word' id='word_1_37' title='bbox 272 1317 410 1391; x_wconf 88' lang='lat' dir='ltr'>tumelia</span> <span class='ocrx_word' id='word_1_38' title='bbox 435 1318 539 1414; x_wconf 85' lang='lat' dir='ltr'>digna</span> <span class='ocrx_word' id='word_1_39' title='bbox 563 1342 656 1390; x_wconf 84' lang='lat' dir='ltr'>eram</span> <span class='ocrx_word' id='word_1_40' title='bbox 676 1317 833 1407; x_wconf 86' lang='lat' dir='ltr'>maxime,</span> <span class='ocrx_word' id='word_1_41' title='bbox 852 1335 886 1391; x_wconf 89' lang='lat' dir='ltr'>tu</span> <span class='ocrx_word' id='word_1_42' title='bbox 906 1335 1019 1391; x_wconf 85' lang='lat' dir='ltr'>tamen</span> <span class='ocrx_word' id='word_1_43' title='bbox 1038 1317 1124 1391; x_wconf 90' lang='lat' dir='ltr'>indi-</span> 
     </span>
     <span class='ocr_line' id='line_1_8' title="bbox 270 1432 1123 1532; baseline 0.002 -28"><span class='ocrx_word' id='word_1_44' title='bbox 270 1457 357 1530; x_wconf 85' lang='lat' dir='ltr'>gnus</span> <span class='ocrx_word' id='word_1_45' title='bbox 383 1433 440 1530; x_wconf 93' lang='lat' dir='ltr'>qui</span> <span class='ocrx_word' id='word_1_46' title='bbox 469 1433 611 1507; x_wconf 83' lang='lat' dir='ltr'>laceres.</span> <span class='ocrx_word' id='word_1_47' title='bbox 641 1432 830 1532; x_wconf 84' lang='lat' dir='ltr'>Quodnam</span> <span class='ocrx_word' id='word_1_48' title='bbox 857 1433 904 1506; x_wconf 92' lang='lat' dir='ltr'>ob</span> <span class='ocrx_word' id='word_1_49' title='bbox 932 1432 1058 1506; x_wconf 90' lang='lat' dir='ltr'>lactum</span> <span class='ocrx_word' id='word_1_50' title='bbox 1078 1433 1123 1506; x_wconf 91' lang='lat' dir='ltr'>ita</span> 
     </span>
     <span class='ocr_line' id='line_1_9' title="bbox 270 1549 1122 1645; baseline 0.001 -25"><span class='ocrx_word' id='word_1_51' title='bbox 270 1550 332 1621; x_wconf 88' lang='lat' dir='ltr'>abs</span> <span class='ocrx_word' id='word_1_52' title='bbox 350 1565 384 1621; x_wconf 88' lang='lat' dir='ltr'>te</span> <span class='ocrx_word' id='word_1_53' title='bbox 402 1566 618 1639; x_wconf 88' lang='lat' dir='ltr'>contemnor,</span> <span class='ocrx_word' id='word_1_54' title='bbox 646 1549 802 1622; x_wconf 89' lang='lat' dir='ltr'>Guarine</span> <span class='ocrx_word' id='word_1_55' title='bbox 821 1554 941 1645; x_wconf 84' lang='lat' dir='ltr'>pater?</span> <span class='ocrx_word' id='word_1_56' title='bbox 967 1551 1048 1621; x_wconf 85' lang='lat' dir='ltr'>Heu</span> <span class='ocrx_word' id='word_1_57' title='bbox 1067 1573 1122 1621; x_wconf 89' lang='lat' dir='ltr'>me</span> 
     </span>
     <span class='ocr_line' id='line_1_10' title="bbox 271 1663 1121 1761; baseline 0.001 -26"><span class='ocrx_word' id='word_1_58' title='bbox 271 1663 445 1738; x_wconf 84' lang='lat' dir='ltr'>miseram!</span> <span class='ocrx_word' id='word_1_59' title='bbox 466 1668 514 1738; x_wconf 91' lang='lat' dir='ltr'>Ut</span> <span class='ocrx_word' id='word_1_60' title='bbox 532 1664 662 1737; x_wconf 90' lang='lat' dir='ltr'>animus</span> <span class='ocrx_word' id='word_1_61' title='bbox 681 1664 714 1736; x_wconf 90' lang='lat' dir='ltr'>in</span> <span class='ocrx_word' id='word_1_62' title='bbox 740 1689 804 1761; x_wconf 90' lang='lat' dir='ltr'>spe</span> <span class='ocrx_word' id='word_1_63' title='bbox 822 1681 927 1761; x_wconf 87' lang='lat' dir='ltr'>atque</span> <span class='ocrx_word' id='word_1_64' title='bbox 946 1665 978 1736; x_wconf 89' lang='lat' dir='ltr'>in</span> <span class='ocrx_word' id='word_1_65' title='bbox 999 1664 1121 1737; x_wconf 84' lang='lat' dir='ltr'>timore</span> 
     </span>
     <span class='ocr_line' id='line_1_11' title="bbox 271 1779 1167 1877; baseline 0.001 -25"><span class='ocrx_word' id='word_1_66' title='bbox 271 1804 380 1875; x_wconf 86' lang='lat' dir='ltr'>usque</span> <span class='ocrx_word' id='word_1_67' title='bbox 413 1782 561 1853; x_wconf 85' lang='lat' dir='ltr'>antehac</span> <span class='ocrx_word' id='word_1_68' title='bbox 587 1797 735 1853; x_wconf 87' lang='lat' dir='ltr'>attentus</span> <span class='ocrx_word' id='word_1_69' title='bbox 763 1779 834 1867; x_wconf 89' lang='lat' dir='ltr'>luit,</span> <span class='ocrx_word' id='word_1_70' title='bbox 866 1779 912 1852; x_wconf 90' lang='lat' dir='ltr'>ita</span> <span class='ocrx_word' id='word_1_71' title='bbox 937 1796 1120 1877; x_wconf 84' lang='lat' dir='ltr'>postquam</span> <span class='ocrx_word' id='word_1_72' title='bbox 1138 1808 1167 1843; x_wconf 85' lang='lat'>10</span> 
     </span>
     <span class='ocr_line' id='line_1_12' title="bbox 269 1893 1121 1992; baseline 0 -25"><span class='ocrx_word' id='word_1_73' title='bbox 269 1893 432 1992; x_wconf 88' lang='lat' dir='ltr'>adempta</span> <span class='ocrx_word' id='word_1_74' title='bbox 457 1920 537 1992; x_wconf 85' lang='lat' dir='ltr'>spes</span> <span class='ocrx_word' id='word_1_75' title='bbox 555 1912 608 1968; x_wconf 88' lang='lat' dir='ltr'>est</span> <span class='ocrx_word' id='word_1_76' title='bbox 626 1897 731 1968; x_wconf 89' lang='lat' dir='ltr'>lassus</span> <span class='ocrx_word' id='word_1_77' title='bbox 750 1919 833 1968; x_wconf 88' lang='lat' dir='ltr'>cura</span> <span class='ocrx_word' id='word_1_78' title='bbox 851 1895 1033 1968; x_wconf 87' lang='lat' dir='ltr'>conlectus</span> <span class='ocrx_word' id='word_1_79' title='bbox 1052 1913 1121 1968; x_wconf 88' lang='lat' dir='ltr'>stu-</span> 
     </span>
     <span class='ocr_line' id='line_1_13' title="bbox 270 2010 1120 2111; baseline -0.001 -28"><span class='ocrx_word' id='word_1_80' title='bbox 270 2028 338 2106; x_wconf 87' lang='lat' dir='ltr'><strong>pet.</strong></span> <span class='ocrx_word' id='word_1_81' title='bbox 360 2012 469 2111; x_wconf 92' lang='lat' dir='ltr'>Quod</span> <span class='ocrx_word' id='word_1_82' title='bbox 489 2036 566 2084; x_wconf 91' lang='lat' dir='ltr'>cum</span> <span class='ocrx_word' id='word_1_83' title='bbox 586 2011 630 2083; x_wconf 93' lang='lat' dir='ltr'>ita</span> <span class='ocrx_word' id='word_1_84' title='bbox 647 2011 700 2100; x_wconf 88' lang='lat' dir='ltr'>sit,</span> <span class='ocrx_word' id='word_1_85' title='bbox 716 2027 750 2082; x_wconf 86' lang='lat' dir='ltr'>tc</span> <span class='ocrx_word' id='word_1_86' title='bbox 765 2035 827 2107; x_wconf 87' lang='lat' dir='ltr'>per</span> <span class='ocrx_word' id='word_1_87' title='bbox 841 2010 943 2083; x_wconf 90' lang='lat' dir='ltr'>deum</span> <span class='ocrx_word' id='word_1_88' title='bbox 958 2012 1120 2098; x_wconf 84' lang='lat' dir='ltr'>obsecro,</span> 
     </span>
     <span class='ocr_line' id='line_1_14' title="bbox 268 2124 1120 2223; baseline -0.001 -24"><span class='ocrx_word' id='word_1_89' title='bbox 268 2125 295 2199; x_wconf 91' lang='lat' dir='ltr'>si</span> <span class='ocrx_word' id='word_1_90' title='bbox 315 2151 368 2199; x_wconf 92' lang='lat' dir='ltr'>me</span> <span class='ocrx_word' id='word_1_91' title='bbox 387 2126 452 2200; x_wconf 91' lang='lat' dir='ltr'>tuis</span> <span class='ocrx_word' id='word_1_92' title='bbox 469 2126 647 2200; x_wconf 82' lang='lat' dir='ltr'>beneficiis</span> <span class='ocrx_word' id='word_1_93' title='bbox 666 2125 802 2223; x_wconf 85' lang='lat' dir='ltr'>dignam</span> <span class='ocrx_word' id='word_1_94' title='bbox 822 2124 964 2214; x_wconf 89' lang='lat' dir='ltr'>iudicas,</span> <span class='ocrx_word' id='word_1_95' title='bbox 989 2142 1023 2197; x_wconf 86' lang='lat' dir='ltr'>ut</span> <span class='ocrx_word' id='word_1_96' title='bbox 1041 2125 1120 2198; x_wconf 89' lang='lat' dir='ltr'>huic</span> 
     </span>
     <span class='ocr_line' id='line_1_15' title="bbox 270 2239 1119 2338; baseline 0 -26"><span class='ocrx_word' id='word_1_97' title='bbox 270 2265 356 2314; x_wconf 88' lang='lat' dir='ltr'>meae</span> <span class='ocrx_word' id='word_1_98' title='bbox 390 2240 608 2314; x_wconf 84' lang='lat' dir='ltr'>sollicitudini</span> <span class='ocrx_word' id='word_1_99' title='bbox 639 2260 756 2338; x_wconf 85' lang='lat' dir='ltr'>atque,</span> <span class='ocrx_word' id='word_1_100' title='bbox 790 2258 824 2313; x_wconf 92' lang='lat' dir='ltr'>ut</span> <span class='ocrx_word' id='word_1_101' title='bbox 858 2241 969 2313; x_wconf 86' lang='lat' dir='ltr'>verius</span> <span class='ocrx_word' id='word_1_102' title='bbox 995 2239 1119 2329; x_wconf 89' lang='lat' dir='ltr'>dicam,</span> 
     </span>
     <span class='ocr_line' id='line_1_16' title="bbox 269 2357 1162 2434; baseline 0.007 -6"><span class='ocrx_word' id='word_1_103' title='bbox 269 2357 347 2431; x_wconf 90' lang='lat' dir='ltr'>huic</span> <span class='ocrx_word' id='word_1_104' title='bbox 374 2383 461 2431; x_wconf 88' lang='lat' dir='ltr'>meae</span> <span class='ocrx_word' id='word_1_105' title='bbox 488 2357 577 2431; x_wconf 90' lang='lat' dir='ltr'>laudi</span> <span class='ocrx_word' id='word_1_106' title='bbox 604 2358 785 2431; x_wconf 87' lang='lat' dir='ltr'>subvenias</span> <span class='ocrx_word' id='word_1_107' title='bbox 816 2384 902 2431; x_wconf 91' lang='lat' dir='ltr'>neve</span> <span class='ocrx_word' id='word_1_108' title='bbox 922 2357 953 2429; x_wconf 92' lang='lat' dir='ltr'>in</span> <span class='ocrx_word' id='word_1_109' title='bbox 972 2357 1118 2430; x_wconf 91' lang='lat' dir='ltr'>animum</span> <span class='ocrx_word' id='word_1_110' title='bbox 1137 2385 1162 2434; x_wconf 74' lang='lat'>15</span> 
     </span>
     <span class='ocr_line' id='line_1_17' title="bbox 268 2471 1119 2562; baseline 0.001 -18"><span class='ocrx_word' id='word_1_111' title='bbox 268 2471 409 2545; x_wconf 85' lang='lat' dir='ltr'>inducas</span> <span class='ocrx_word' id='word_1_112' title='bbox 436 2491 540 2562; x_wconf 89' lang='lat' dir='ltr'>tuum,</span> <span class='ocrx_word' id='word_1_113' title='bbox 559 2491 593 2548; x_wconf 86' lang='lat' dir='ltr'>te</span> <span class='ocrx_word' id='word_1_114' title='bbox 612 2473 701 2548; x_wconf 89' lang='lat' dir='ltr'>haud</span> <span class='ocrx_word' id='word_1_115' title='bbox 720 2473 887 2547; x_wconf 85' lang='lat' dir='ltr'>decorum</span> <span class='ocrx_word' id='word_1_116' title='bbox 907 2473 1038 2546; x_wconf 87' lang='lat' dir='ltr'>lacinus</span> <span class='ocrx_word' id='word_1_117' title='bbox 1055 2471 1119 2545; x_wconf 88' lang='lat' dir='ltr'>tuis</span> 
     </span>
    </p>
   </div>
   <div class='ocr_carea' id='block_1_3' title="bbox 265 2668 1117 3596">
    <p class='ocr_par' dir='ltr' id='par_1_3' title="bbox 265 2668 1117 3596">
     <span class='ocr_line' id='line_1_18' title="bbox 312 2668 1116 2731; baseline 0.002 -17"><span class='ocrx_word' id='word_1_118' title='bbox 312 2668 346 2727; x_wconf 96' lang='grc' dir='ltr'>(ι)</span> <span class='ocrx_word' id='word_1_119' title='bbox 362 2677 404 2715; x_wconf 86' lang='lat' dir='ltr'>aut</span> <span class='ocrx_word' id='word_1_120' title='bbox 417 2668 495 2725; x_wconf 87' lang='lat' dir='ltr'><strong>CRV,</strong></span> <span class='ocrx_word' id='word_1_121' title='bbox 513 2669 535 2716; x_wconf 74' lang='grc' dir='ltr'>α’</span> <span class='ocrx_word' id='word_1_122' title='bbox 551 2669 614 2717; x_wconf 83' lang='lat' dir='ltr'><strong>GM.</strong></span> <span class='ocrx_word' id='word_1_123' title='bbox 633 2670 663 2729; x_wconf 80' lang='lat' dir='ltr'>si}</span> <span class='ocrx_word' id='word_1_124' title='bbox 681 2670 725 2731; x_wconf 84' lang='lat' dir='ltr'>qul</span> <span class='ocrx_word' id='word_1_125' title='bbox 738 2669 774 2728; x_wconf 88' lang='lat' dir='ltr'>D,</span> <span class='ocrx_word' id='word_1_126' title='bbox 793 2682 848 2717; x_wconf 84' lang='lat' dir='ltr'>sum</span> <span class='ocrx_word' id='word_1_127' title='bbox 862 2670 894 2717; x_wconf 87' lang='lat' dir='ltr'><strong>G.</strong></span> <span class='ocrx_word' id='word_1_128' title='bbox 915 2682 1042 2730; x_wconf 84' lang='lat' dir='ltr'>nonquam</span> <span class='ocrx_word' id='word_1_129' title='bbox 1055 2668 1116 2725; x_wconf 85' lang='lat' dir='ltr'>DR,</span> 
     </span>
     <span class='ocr_line' id='line_1_19' title="bbox 268 2747 1114 2811; baseline 0 -16"><span class='ocrx_word' id='word_1_130' title='bbox 268 2749 428 2809; x_wconf 84' lang='lat' dir='ltr'>umquamP,</span> <span class='ocrx_word' id='word_1_131' title='bbox 464 2748 629 2809; x_wconf 79' lang='lat' dir='ltr'>nunquaml&#39;.</span> <span class='ocrx_word' id='word_1_132' title='bbox 665 2748 698 2811; x_wconf 87' lang='lat'>(2)</span> <span class='ocrx_word' id='word_1_133' title='bbox 717 2750 816 2807; x_wconf 84' lang='lat' dir='ltr'>nataR,</span> <span class='ocrx_word' id='word_1_134' title='bbox 851 2762 896 2797; x_wconf 88' lang='lat' dir='ltr'>om.</span> <span class='ocrx_word' id='word_1_135' title='bbox 908 2748 944 2795; x_wconf 88' lang='lat' dir='ltr'><strong>D.</strong></span> <span class='ocrx_word' id='word_1_136' title='bbox 980 2747 1070 2795; x_wconf 83' lang='lat' dir='ltr'>orbem</span> <span class='ocrx_word' id='word_1_137' title='bbox 1082 2748 1114 2796; x_wconf 92' lang='lat' dir='ltr'>G.</span> 
     </span>
     <span class='ocr_line' id='line_1_20' title="bbox 266 2827 1117 2891; baseline 0 -15"><span class='ocrx_word' id='word_1_138' title='bbox 266 2828 301 2889; x_wconf 71' lang='grc' dir='ltr'>(ι)</span> <span class='ocrx_word' id='word_1_139' title='bbox 318 2827 423 2876; x_wconf 83' lang='lat' dir='ltr'>mcardo</span> <span class='ocrx_word' id='word_1_140' title='bbox 441 2828 474 2883; x_wconf 87' lang='lat' dir='ltr'>G,</span> <span class='ocrx_word' id='word_1_141' title='bbox 494 2842 516 2875; x_wconf 94' lang='lat' dir='ltr'>m</span> <span class='ocrx_word' id='word_1_142' title='bbox 534 2828 613 2876; x_wconf 85' lang='lat' dir='ltr'>cardo</span> <span class='ocrx_word' id='word_1_143' title='bbox 631 2829 667 2877; x_wconf 85' lang='lat' dir='ltr'><strong>M.</strong></span> <span class='ocrx_word' id='word_1_144' title='bbox 692 2828 789 2877; x_wconf 82' lang='lat' dir='ltr'>derrid.</span> <span class='ocrx_word' id='word_1_145' title='bbox 809 2830 840 2877; x_wconf 85' lang='lat' dir='ltr'><strong>R.</strong></span> <span class='ocrx_word' id='word_1_146' title='bbox 875 2829 908 2891; x_wconf 71' lang='grc'>(4)</span> <span class='ocrx_word' id='word_1_147' title='bbox 921 2828 1054 2887; x_wconf 82' lang='lat' dir='ltr'>finduntP,</span> <span class='ocrx_word' id='word_1_148' title='bbox 1069 2829 1117 2877; x_wconf 88' lang='lat' dir='ltr'>sin·</span> 
     </span>
     <span class='ocr_line' id='line_1_21' title="bbox 266 2907 1115 2971; baseline 0.001 -16"><span class='ocrx_word' id='word_1_149' title='bbox 266 2907 329 2955; x_wconf 84' lang='lat' dir='ltr'>dunt</span> <span class='ocrx_word' id='word_1_150' title='bbox 351 2909 382 2956; x_wconf 87' lang='lat' dir='ltr'><strong>R.</strong></span> <span class='ocrx_word' id='word_1_151' title='bbox 418 2909 451 2970; x_wconf 76' lang='grc' dir='ltr'>(ς)</span> <span class='ocrx_word' id='word_1_152' title='bbox 476 2908 617 2957; x_wconf 79' lang='lat' dir='ltr'>incurssant</span> <span class='ocrx_word' id='word_1_153' title='bbox 642 2910 668 2957; x_wconf 91' lang='grc' dir='ltr'>Ρ.</span> <span class='ocrx_word' id='word_1_154' title='bbox 703 2923 753 2971; x_wconf 80' lang='lat' dir='ltr'>ego</span> <span class='ocrx_word' id='word_1_155' title='bbox 775 2922 821 2957; x_wconf 87' lang='lat' dir='ltr'>om.</span> <span class='ocrx_word' id='word_1_156' title='bbox 847 2910 873 2957; x_wconf 83' lang='lat' dir='ltr'><strong>P.</strong></span> <span class='ocrx_word' id='word_1_157' title='bbox 915 2909 948 2971; x_wconf 83' lang='grc' dir='ltr'>(ό)</span> <span class='ocrx_word' id='word_1_158' title='bbox 976 2917 1071 2957; x_wconf 84' lang='lat' dir='ltr'>tantum</span> <span class='ocrx_word' id='word_1_159' title='bbox 1089 2910 1115 2956; x_wconf 88' lang='grc' dir='ltr'>Ρ.</span> 
     </span>
     <span class='ocr_line' id='line_1_22' title="bbox 266 2987 1115 3050; baseline 0.001 -16"><span class='ocrx_word' id='word_1_160' title='bbox 266 2987 337 3048; x_wconf 83' lang='grc'>(6.7)</span> <span class='ocrx_word' id='word_1_161' title='bbox 355 2987 470 3050; x_wconf 78' lang='lat' dir='ltr'>indignus</span> <span class='ocrx_word' id='word_1_162' title='bbox 486 3002 531 3036; x_wconf 88' lang='lat' dir='ltr'>om.</span> <span class='ocrx_word' id='word_1_163' title='bbox 549 2989 581 3037; x_wconf 89' lang='lat' dir='ltr'>G.</span> <span class='ocrx_word' id='word_1_164' title='bbox 609 2988 643 3049; x_wconf 82' lang='lat'>(7)</span> <span class='ocrx_word' id='word_1_165' title='bbox 666 3003 718 3049; x_wconf 86' lang='lat' dir='ltr'>que</span> <span class='ocrx_word' id='word_1_166' title='bbox 738 2989 768 3045; x_wconf 91' lang='lat' dir='ltr'>C,</span> <span class='ocrx_word' id='word_1_167' title='bbox 795 2988 857 3049; x_wconf 81' lang='lat' dir='ltr'>quid</span> <span class='ocrx_word' id='word_1_168' title='bbox 876 2990 906 3037; x_wconf 89' lang='lat' dir='ltr'>R.</span> <span class='ocrx_word' id='word_1_169' title='bbox 955 2989 1065 3037; x_wconf 80' lang='lat' dir='ltr'>lacerem</span> <span class='ocrx_word' id='word_1_170' title='bbox 1085 2988 1115 3037; x_wconf 90' lang='lat' dir='ltr'>C.</span> 
     </span>
     <span class='ocr_line' id='line_1_23' title="bbox 266 3066 1114 3130; baseline 0.002 -16"><span class='ocrx_word' id='word_1_171' title='bbox 266 3066 300 3127; x_wconf 85' lang='grc'>(8)</span> <span class='ocrx_word' id='word_1_172' title='bbox 316 3067 362 3115; x_wconf 81' lang='lat' dir='ltr'>abs</span> <span class='ocrx_word' id='word_1_173' title='bbox 380 3076 405 3115; x_wconf 85' lang='lat' dir='ltr'>te</span> <span class='ocrx_word' id='word_1_174' title='bbox 421 3081 467 3115; x_wconf 89' lang='lat' dir='ltr'>om.</span> <span class='ocrx_word' id='word_1_175' title='bbox 482 3070 507 3115; x_wconf 90' lang='grc' dir='ltr'>Ρ.</span> <span class='ocrx_word' id='word_1_176' title='bbox 534 3076 704 3130; x_wconf 83' lang='lat' dir='ltr'>contempnor</span> <span class='ocrx_word' id='word_1_177' title='bbox 720 3069 851 3118; x_wconf 86' lang='lat' dir='ltr'><strong>CGMPV.</strong></span> <span class='ocrx_word' id='word_1_178' title='bbox 887 3067 921 3130; x_wconf 80' lang='lat'>(9)</span> <span class='ocrx_word' id='word_1_179' title='bbox 937 3069 1016 3129; x_wconf 83' lang='lat' dir='ltr'>inspe</span> <span class='ocrx_word' id='word_1_180' title='bbox 1026 3081 1070 3114; x_wconf 89' lang='lat' dir='ltr'>om.</span> <span class='ocrx_word' id='word_1_181' title='bbox 1085 3068 1114 3116; x_wconf 92' lang='lat' dir='ltr'>C.</span> 
     </span>
     <span class='ocr_line' id='line_1_24' title="bbox 266 3147 1115 3209; baseline 0.004 -16"><span class='ocrx_word' id='word_1_182' title='bbox 266 3147 289 3194; x_wconf 85' lang='lat' dir='ltr'>in</span> <span class='ocrx_word' id='word_1_183' title='bbox 315 3148 377 3205; x_wconf 69' lang='lat' dir='ltr'>tim.{</span> <span class='ocrx_word' id='word_1_184' title='bbox 403 3148 495 3196; x_wconf 82' lang='lat' dir='ltr'>dolore</span> <span class='ocrx_word' id='word_1_185' title='bbox 521 3149 552 3196; x_wconf 86' lang='lat' dir='ltr'><strong>R.</strong></span> <span class='ocrx_word' id='word_1_186' title='bbox 587 3148 636 3209; x_wconf 92' lang='grc' dir='ltr'>(ιο)</span> <span class='ocrx_word' id='word_1_187' title='bbox 661 3163 743 3209; x_wconf 85' lang='lat' dir='ltr'>usque</span> <span class='ocrx_word' id='word_1_188' title='bbox 760 3162 830 3196; x_wconf 79' lang='lat' dir='ltr'>onam.</span> <span class='ocrx_word' id='word_1_189' title='bbox 851 3148 914 3196; x_wconf 85' lang='lat' dir='ltr'><strong>GM.</strong></span> <span class='ocrx_word' id='word_1_190' title='bbox 948 3149 1065 3208; x_wconf 63' lang='lat' dir='ltr'>antchac}</span> <span class='ocrx_word' id='word_1_191' title='bbox 1082 3148 1115 3196; x_wconf 84' lang='lat' dir='ltr'>ad</span> 
     </span>
     <span class='ocr_line' id='line_1_25' title="bbox 266 3226 1116 3290; baseline 0 -15"><span class='ocrx_word' id='word_1_192' title='bbox 266 3226 332 3276; x_wconf 85' lang='lat' dir='ltr'>diem</span> <span class='ocrx_word' id='word_1_193' title='bbox 355 3230 386 3276; x_wconf 86' lang='lat' dir='ltr'><strong>R.</strong></span> <span class='ocrx_word' id='word_1_194' title='bbox 431 3230 529 3289; x_wconf 72' lang='lat' dir='ltr'>attunt}</span> <span class='ocrx_word' id='word_1_195' title='bbox 554 3230 675 3278; x_wconf 84' lang='lat' dir='ltr'>hactenus</span> <span class='ocrx_word' id='word_1_196' title='bbox 697 3231 758 3278; x_wconf 88' lang='lat' dir='ltr'>MR.</span> <span class='ocrx_word' id='word_1_197' title='bbox 805 3228 854 3290; x_wconf 87' lang='grc' dir='ltr'>(ιι)</span> <span class='ocrx_word' id='word_1_198' title='bbox 876 3227 971 3289; x_wconf 86' lang='lat' dir='ltr'>adepta</span> <span class='ocrx_word' id='word_1_199' title='bbox 990 3227 1047 3276; x_wconf 90' lang='lat' dir='ltr'><strong>CG.</strong></span> <span class='ocrx_word' id='word_1_200' title='bbox 1077 3236 1116 3276; x_wconf 86' lang='lat' dir='ltr'>est</span> 
     </span>
     <span class='ocr_line' id='line_1_26' title="bbox 265 3308 1114 3370; baseline 0.001 -16"><span class='ocrx_word' id='word_1_201' title='bbox 265 3321 326 3368; x_wconf 84' lang='lat' dir='ltr'>spes</span> <span class='ocrx_word' id='word_1_202' title='bbox 343 3309 370 3354; x_wconf 87' lang='lat' dir='ltr'><strong>V.</strong></span> <span class='ocrx_word' id='word_1_203' title='bbox 405 3308 454 3370; x_wconf 82' lang='grc' dir='ltr'>(ιι)</span> <span class='ocrx_word' id='word_1_204' title='bbox 467 3309 622 3369; x_wconf 63' lang='grc' dir='ltr'>ειιιιιῖᾳιιοιιι</span> <span class='ocrx_word' id='word_1_205' title='bbox 635 3309 671 3365; x_wconf 90' lang='lat' dir='ltr'>D,</span> <span class='ocrx_word' id='word_1_206' title='bbox 690 3323 739 3357; x_wconf 92' lang='lat' dir='ltr'>non</span> <span class='ocrx_word' id='word_1_207' title='bbox 755 3310 782 3356; x_wconf 84' lang='lat' dir='ltr'><strong>V.</strong></span> <span class='ocrx_word' id='word_1_208' title='bbox 801 3318 827 3356; x_wconf 81' lang='lat' dir='ltr'>te</span> <span class='ocrx_word' id='word_1_209' title='bbox 839 3322 909 3356; x_wconf 87' lang='lat' dir='ltr'>omm.</span> <span class='ocrx_word' id='word_1_210' title='bbox 924 3309 980 3356; x_wconf 87' lang='lat' dir='ltr'><strong>MP.</strong></span> <span class='ocrx_word' id='word_1_211' title='bbox 1015 3323 1063 3356; x_wconf 85' lang='lat' dir='ltr'>oro</span> <span class='ocrx_word' id='word_1_212' title='bbox 1083 3309 1114 3356; x_wconf 84' lang='lat' dir='ltr'><strong>R.</strong></span> 
     </span>
     <span class='ocr_line' id='line_1_27' title="bbox 266 3387 1113 3450; baseline 0.001 -17"><span class='ocrx_word' id='word_1_213' title='bbox 266 3387 432 3448; x_wconf 79' lang='lat' dir='ltr'>(13ltuisme</span> <span class='ocrx_word' id='word_1_214' title='bbox 455 3401 500 3436; x_wconf 88' lang='lat' dir='ltr'>om.</span> <span class='ocrx_word' id='word_1_215' title='bbox 521 3389 546 3435; x_wconf 86' lang='lat' dir='ltr'><strong>P.</strong></span> <span class='ocrx_word' id='word_1_216' title='bbox 579 3389 629 3450; x_wconf 81' lang='lat'>(14)</span> <span class='ocrx_word' id='word_1_217' title='bbox 647 3390 725 3437; x_wconf 85' lang='lat' dir='ltr'><strong>meP.</strong></span> <span class='ocrx_word' id='word_1_218' title='bbox 752 3389 823 3437; x_wconf 87' lang='lat' dir='ltr'>solie.</span> <span class='ocrx_word' id='word_1_219' title='bbox 848 3388 922 3437; x_wconf 89' lang='lat' dir='ltr'><strong>CPR.</strong></span> <span class='ocrx_word' id='word_1_220' title='bbox 958 3389 1006 3449; x_wconf 75' lang='grc' dir='ltr'>(ις)</span> <span class='ocrx_word' id='word_1_221' title='bbox 1025 3401 1065 3435; x_wconf 89' lang='lat' dir='ltr'>me</span> <span class='ocrx_word' id='word_1_222' title='bbox 1083 3387 1113 3436; x_wconf 93' lang='lat' dir='ltr'>C.</span> 
     </span>
     <span class='ocr_line' id='line_1_28' title="bbox 266 3467 1114 3528; baseline 0 -14"><span class='ocrx_word' id='word_1_223' title='bbox 266 3467 403 3516; x_wconf 72' lang='lat' dir='ltr'>subventus</span> <span class='ocrx_word' id='word_1_224' title='bbox 427 3468 464 3515; x_wconf 88' lang='lat' dir='ltr'>D.</span> <span class='ocrx_word' id='word_1_225' title='bbox 499 3468 548 3528; x_wconf 81' lang='grc'>(16)</span> <span class='ocrx_word' id='word_1_226' title='bbox 574 3467 653 3516; x_wconf 84' lang='lat' dir='ltr'>ducas</span> <span class='ocrx_word' id='word_1_227' title='bbox 676 3468 764 3517; x_wconf 86' lang='lat' dir='ltr'><strong>CGM.</strong></span> <span class='ocrx_word' id='word_1_228' title='bbox 798 3476 842 3516; x_wconf 89' lang='lat' dir='ltr'>aut</span> <span class='ocrx_word' id='word_1_229' title='bbox 862 3467 916 3526; x_wconf 86' lang='lat' dir='ltr'>CR,</span> <span class='ocrx_word' id='word_1_230' title='bbox 942 3468 1001 3514; x_wconf 84' lang='lat' dir='ltr'>haut</span> <span class='ocrx_word' id='word_1_231' title='bbox 1019 3468 1056 3515; x_wconf 90' lang='lat' dir='ltr'>M.</span> <span class='ocrx_word' id='word_1_232' title='bbox 1091 3467 1114 3514; x_wconf 90' lang='lat' dir='ltr'>in</span> 
     </span>
     <span class='ocr_line' id='line_1_29' title="bbox 266 3544 624 3596; baseline 0 -2"><span class='ocrx_word' id='word_1_233' title='bbox 266 3544 389 3595; x_wconf 86' lang='lat' dir='ltr'>decorum</span> <span class='ocrx_word' id='word_1_234' title='bbox 410 3547 437 3594; x_wconf 85' lang='lat' dir='ltr'><strong>V.</strong></span> <span class='ocrx_word' id='word_1_235' title='bbox 472 3546 576 3596; x_wconf 79' lang='lat' dir='ltr'>tacimus</span> <span class='ocrx_word' id='word_1_236' title='bbox 597 3548 624 3594; x_wconf 85' lang='lat' dir='ltr'><strong>V.</strong></span> 
     </span>
    </p>
   </div>
   <div class='ocr_carea' id='block_1_4' title="bbox 318 3653 1010 3723">
    <p class='ocr_par' dir='ltr' id='par_1_4' title="bbox 318 3653 1010 3723">
     <span class='ocr_line' id='line_1_30' title="bbox 318 3653 1010 3723; baseline -0.001 0"><span class='ocrx_word' id='word_1_237' title='bbox 318 3665 623 3723; x_wconf 59' lang='lat' dir='ltr'>mammona-¹·</span> <span class='ocrx_word' id='word_1_238' title='bbox 994 3653 1010 3700; x_wconf 84' lang='lat'><strong><em>⁶</em></strong></span> 
     </span>
    </p>
   </div>
   <div class='ocr_carea' id='block_1_5' title="bbox 0 0 1430 4694">
    <p class='ocr_par' dir='ltr' id='par_1_5' title="bbox 0 0 1430 4694">
     <span class='ocr_line' id='line_1_31' title="bbox 0 0 1430 4694; baseline 0 2"><span class='ocrx_word' id='word_1_239' title='bbox 0 0 1430 4694; x_wconf 95' lang='lat' dir='ltr'> </span> 
     </span>
    </p>
   </div>
  </div>
 </body>
</html>
