2850 4694
1074 424 1082 449 r

470 739 522 801 (ltui
534 738 595 800 quid
607 736 667 797 dixi)
679 750 768 785 omnes
784 743 905 785 auctores
921 735 1054 783 familiares
1071 735 1168 782 habere
1180 734 1319 782 videantur.

470 817 535 867 lllud
559 815 681 878 equidem
698 830 748 865 non
774 816 845 877 parvi
866 814 939 872 lacio,
959 813 1072 875 quodid
1090 813 1223 862 mulierum
1241 827 1322 875 genus

470 898 517 947 etsi
538 906 615 946 antea
636 909 770 959 perrarum
794 895 839 944 luit
864 894 914 945 hoo
936 901 1019 943 tamen
1037 900 1155 955 tempore
1178 893 1321 956 perrarissi-

470 990 537 1027 mum
561 990 621 1025 esse
642 976 784 1025 consuevit.
801 1010 807 1022 .
827 1011 833 1023 .
853 993 876 1022 ,1
894 974 997 1037 Quibus
1014 974 1129 1023 Leonelli
1147 974 1236 1022 litteris
1254 973 1321 1023 Gus-

470 1060 538 1107 rlnus
547 1071 578 1106 ex
588 1057 653 1106 urbe
665 1057 770 1105 Verona
781 1056 823 1103 lll.
838 1056 906 1105 Non.
921 1054 1076 1104 Decembris
1086 1068 1110 1103 a.
1124 1055 1323 1113 1411111111

467 1138 516 1187 alia
540 1137 670 1200 rescripsit
687 1135 764 1199 (conl.
783 1135 891 1199 Remigii
913 1133 1049 1185 Subbadini
1066 1134 1160 1184 librum
1176 1149 1255 1197 supro
1271 1136 1323 1184 lau-

469 1218 556 1267 datum
580 1232 606 1280 p.
633 1229 671 1278 39,
696 1230 733 1264 nr.
750 1214 824 1277 403):
842 1232 853 1261 1
873 1250 879 1263 .
899 1251 905 1263 .
925 1249 931 1261 .
950 1213 1065 1264 Subinde
1079 1228 1138 1263 cum
1151 1215 1226 1278 agelli
1244 1217 1322 1264 nostri

469 1297 567 1348 fruetus
587 1311 667 1346 avere
691 1304 717 1345 te
744 1309 793 1359 pro
818 1303 864 1344 tuo
888 1295 911 1343 in
936 1293 1023 1344 studio
1047 1294 1170 1344 bonorum
1192 1295 1282 1343 artium
1297 1303 1323 1343 et

469 1377 617 1429 eruditionis
640 1390 729 1426 amoro
746 1373 853 1435 viduum,
873 1374 978 1437 quando
993 1377 1077 1425 nullos
1094 1389 1125 1424 ex
1142 1376 1205 1425 meis
1221 1376 1322 1424 mittere

470 1459 545 1508 liceat
562 1458 626 1521 (sum
643 1457 709 1505 enim
726 1470 797 1506 zonat
813 1455 934 1505 torrentis
950 1469 1029 1504 arena
1050 1454 1179 1517 sterilior),
1193 1469 1224 1503 ex
1235 1455 1323 1503 olienis

470 1538 607 1588 mutuabor
639 1537 754 1597 hortulis,
783 1535 854 1598 quod
880 1536 990 1599 eleganti
1018 1550 1112 1599 sopore
1137 1534 1323 1599 degustandum

468 1619 587 1681 accipias.
607 1619 665 1667 Νοο
675 1615 768 1668 dubito
783 1615 854 1680 quod
871 1617 1001 1679 prioribus
1018 1618 1074 1666 baso
1090 1616 1209 1666 inferiora
1226 1617 1324 1666 minime

470 1696 602 1757 iudicabis,
628 1711 688 1761 quoe
713 1712 745 1746 ex
770 1695 860 1746 eadem
877 1696 978 1747 officina
993 1695 1149 1759 deprompta
1170 1697 1322 1759 oonspicies,

471 1780 563 1830 bonam
579 1792 611 1828 ex
628 1777 666 1828 eis
682 1791 732 1841 pro
748 1786 794 1827 tuo
808 1778 864 1827 iure
881 1786 979 1840 partem
996 1774 1151 1840 possidens.
1166 1813 1172 1823 .
1187 1793 1210 1823 ,1

524 1852 549 1903 ³⁸
562 1858 661 1909 Conler
683 1859 804 1908 loannem
827 1856 862 1908 de
890 1859 978 1918 sebio,
999 1857 1058 1904 Vita
1069 1854 1094 1904 di
1111 1856 1221 1905 Antonio
1239 1857 1323 1904 Losclr

472 1955 498 2004 p.
527 1951 578 1988 no
598 1948 625 1988 et
644 1939 788 2003 Remigium
814 1936 960 1997 Sabbadini,
987 1937 1156 1987 Centotrents
1180 1938 1273 1984 lettere
1298 1934 1323 1982 di

473 2022 618 2070 Francesoo
635 2020 750 2069 Barburo
767 2034 792 2083 p.
812 2032 850 2079 aa,
869 2019 907 2079 78.

524 2105 549 2146 at
565 2100 667 2150 Familia
683 2098 811 2151 Cendrata
822 2099 930 2149 sortasse
942 2097 1047 2147 Patauio
1057 2094 1166 2146 oriunda
1175 2102 1230 2144 erat
1245 2095 1321 2157 (conl.

472 2181 646 2231 Turmmum
661 2181 684 2229 in
701 2194 746 2243 op.
772 2180 815 2230 cit.
840 2187 905 2228 sect.
919 2180 938 2228 l.
953 2177 1002 2241 88).
1020 2175 1134 2226 Nrcoluus
1150 2173 1280 2225 Cendrutn
1296 2190 1321 2237 q.

472 2261 617 2312 veronesio
634 2275 665 2310 ex
676 2260 765 2310 uicinia
787 2261 901 2322 Falsurgl
917 2256 1005 2322 (bodie
1024 2257 1067 2306 SS.
1085 2256 1219 2319 Apostoli),
1238 2257 1281 2319 qui
1300 2258 1322 2306 in

473 2341 630 2392 documento
652 2339 694 2390 die
721 2341 776 2389 vll.
795 2338 888 2389 mensis
905 2337 965 2388 Μιίἰ
988 2351 1011 2386 a.
1032 2336 1092 2395 1389
1108 2338 1220 2387 occurrit
1237 2335 1322 2398 (tlrclt.

473 2421 736 2485 GuariniGualengo)
758 2429 785 2470 et
807 2435 831 2470 a.
860 2430 920 2481 14ος
946 2417 1110 2468 Consdiutius
1133 2417 1246 2466 Civitatis
1271 2428 1325 2467 erat

473 2500 574 2561 (confer
597 2504 662 2551 Acta
677 2500 802 2564 Consilii),
829 2498 932 2550 mdes
955 2495 1095 2548 Cendratae
1117 2498 1222 2548 Guarini
1245 2501 1325 2548 Vero

474 2581 559 2631 nensis
582 2581 667 2631 uxoris
690 2590 765 2644 pater
787 2588 851 2630 ent.
869 2578 983 2644 Baptista
999 2577 1129 2628 cendrats
1146 2578 1324 2628 Bartholomaei

474 2660 538 2711 nlius
554 2658 588 2709 de
605 2660 694 2710 uicinia
710 2659 821 2717 Clsuioa,
839 2658 959 2722 publicus
976 2657 1097 2717 notarius,
1113 2659 1157 2720 qui
1175 2658 1326 2720 frequenter

473 2738 507 2790 ad
523 2740 664 2791 Gusrinum
680 2740 778 2790 litteras
792 2737 865 2789 dedit
880 2739 914 2788 ab
930 2751 1019 2800 eoque
1034 2738 1142 2788 uicissim
1157 2739 1258 2799 nocepit
1267 2748 1292 2787 et
1301 2753 1323 2787 a.

477 2832 534 2880 14³3
560 2833 609 2869 una
631 2833 690 2870 eum
706 2818 785 2870 tratre
800 2819 825 2869 in
838 2819 928 2869 uicinia
943 2820 1046 2870 Clavics
1063 2818 1199 2877 habitabat,
1218 2818 1325 2867 lortssse

474 2899 542 2952 idem
564 2899 698 2951 habendus
720 2908 761 2950 est
780 2909 861 2963 atque
873 2900 981 2950 loannes
998 2900 1111 2963 Baptista
1127 2897 1264 2957 cendrats,
1283 2901 1326 2960 qui

473 2996 497 3031 n
525 2993 586 3041 1414
612 2980 777 3031 Consillarius
800 2980 923 3037 Ciuitatis,
939 2995 962 3030 n
992 2992 1052 3040 1414
1075 2988 1180 3039 111419
1205 2979 1327 3028 Provisor

475 3060 623 3110 Communis
636 3068 700 3111 enat.
727 3063 802 3110 Anno
829 3071 886 3121 1441
916 3069 1043 3111 mortuum
1066 3073 1125 3110 esse
1148 3059 1210 3108 inlra
1231 3057 1327 3107 videbi-

476 3154 531 3190 mus
558 3148 584 3190 et
610 3153 634 3190 a
666 3142 726 3202 1456
758 3139 806 3190 iam
841 3148 969 3190 mortuum
996 3139 1074 3190 luisse
1101 3153 1117 3189 e
1144 3139 1210 3188 libro
1233 3152 1327 3188 census

477 3220 551 3271 huius
577 3220 634 3270 anni
659 3229 778 3284 apparet,
807 3221 832 3270 in
859 3234 913 3283 quo
936 3234 969 3271 ex
994 3221 1084 3270 uicinia
1109 3219 1212 3269 cluvies
1235 3220 1327 3268 «Ludo

476 3299 541 3352 mus
563 3298 695 3350 Cendrata
717 3299 761 3363 qd.
789 3302 924 3365 Baptista·
951 3302 1027 3351 laotoe
1052 3300 1093 3350 ille
1119 3299 1215 3348 amicus
1232 3307 1258 3348 et
1276 3301 1326 3347 Da·

476 3380 549 3430 miani
576 3380 654 3444 Burgl
681 3394 697 3430 ο
723 3394 816 3431 sorore
844 3389 871 3430 ut
894 3378 996 3431 uidetur
1018 3392 1102 3442 nepos
1123 3379 1237 3428 adertm.
1278 3378 1328 3428 llic

475 3475 499 3510 n
526 3472 584 3523 1452
610 3460 775 3512 consiliarius
792 3460 913 3521 Civitatis,
931 3473 954 3511 a
974 3460 1042 3522 ¹⁴5⁶·
1059 3460 1099 3508 or.
1115 3471 1154 3519 71.
1172 3461 1211 3520 76.
1228 3458 1268 3507 81.
1286 3458 1325 3518 ⁸⁴-

477 3554 509 3600 90
525 3542 647 3592 Provisor
661 3542 808 3593 Communis
823 3550 888 3600 emt,
909 3555 933 3591 a.
953 3551 1011 3601 ¹⁴⁹¹
1028 3548 1118 3592 orator
1134 3540 1255 3590 venetius
1272 3540 1328 3589 mis-
