2926 5168
654 1073 780 1121 cxxxlll

288 1239 341 1286 nes,
360 1239 425 1290 quas
448 1228 559 1278 ιιιιιιίιιιίε
582 1228 744 1291 pontificibus
767 1229 889 1279 Romanis
910 1229 1008 1290 aliquot
1029 1227 1140 1279 destina·

286 1313 366 1366 verat,
384 1305 483 1358 Nimiae
498 1305 619 1358 videlieet
640 1307 722 1372 quitto
738 1315 765 1357 et
783 1308 830 1357 Pio
846 1306 970 1366 seeundo,
996 1309 1140 1372 prtacipue·

285 1399 338 1448 que
361 1387 385 1436 in
408 1401 442 1437 eo
465 1396 602 1448 conventu,
620 1401 699 1451 quem
722 1389 836 1439 Mantuae
852 1389 936 1452 egisse
953 1402 1012 1438 eum
1028 1397 1137 1440 consul.

286 1465 417 1517 Suadebat
432 1481 541 1529 namque
558 1465 716 1517 validissimis
731 1466 886 1531 argumentis
902 1474 929 1517 et
944 1467 1139 1529 probationibus

285 1559 335 1595 non
352 1546 408 1595 sine
430 1547 534 1596 maxima
556 1548 732 1610 exemplorum
754 1547 830 1609 copia
845 1560 903 1597 eum
921 1547 1070 1598 Pontificem
1086 1557 1139 1597 tum

286 1624 527 1676 Reverendissimos
548 1634 643 1677 sanctas
660 1627 779 1677 ecclesie
796 1625 946 1677 cardinales
969 1635 996 1676 et
1018 1627 1139 1677 Christia-

284 1719 374 1755 norum
398 1706 527 1768 principes
549 1705 674 1757 adversus
696 1708 819 1767 Tuscum,
837 1707 881 1769 qui
905 1706 1077 1757 Christianum
1094 1720 1139 1758 no·

285 1798 342 1835 men
351 1793 379 1835 et
389 1785 556 1835 Christianam
567 1786 715 1850 religionem
727 1787 869 1838 eonabnur
879 1795 1024 1836 everteres.
1043 1787 1139 1837 Totum

286 1865 395 1928 Philippi
423 1866 603 1929 Bergomensis
627 1869 712 1916 locam
742 1866 803 1917 ideo
827 1867 911 1926 citavi,
938 1875 965 1917 ut
989 1875 1136 1929 appareret,

285 1945 430 2008 Scipionem
453 1945 549 2006 Madet,
567 1959 645 2008 quem
674 1946 763 1997 Cesar
793 1946 927 1998 cenationi
957 1954 1062 1998 secutus
1088 1955 1137 2006 est,

285 2026 410 2075 erravisse
433 2026 547 2090 (Verona
569 2027 660 2077 illustr.
687 2028 718 2086 ll,
743 2038 780 2076 ιιι.
803 2041 829 2090 ρ.
854 2027 903 2089 96),
921 2040 979 2077 eum
997 2027 1088 2077 leotarn
1105 2023 1138 2075 ad

286 2104 420 2154 Nicolaum
436 2104 559 2167 Quintum
577 2104 727 2155 Pontificem
745 2105 880 2155 Maximum
896 2119 931 2155 eo
948 2105 1055 2156 consilio
1072 2105 1138 2156 litte·

284 2198 326 2235 ras
341 2182 446 2235 dedisse
462 2184 567 2245 reierat,
585 2193 612 2234 ιιι
628 2182 661 2234 ad
678 2185 772 2235 beilum
788 2183 913 2236 adversus
928 2187 1044 2236 Turcum
1060 2186 1140 2236 susci·

285 2263 405 2326 piendum
427 2277 486 2314 eum
509 2265 669 2327 impelleret:
687 2264 797 2327 ‹Quelle
814 2267 848 2328 lit.
868 2278 892 2315 e.
911 2265 1014 2328 lettere]
1031 2264 1139 2316 d'lsotta

284 2346 480 2409 singolarmente
504 2345 608 2408 spiratio
632 2342 763 2408 prudenza
786 2359 802 2394 e
826 2343 944 2405 dottrina,
971 2359 1010 2395 ma
1037 2358 1088 2395 non
1114 2345 1138 2394 ci

285 2439 385 2490 veggon
407 2428 496 2489 quelle
517 2427 567 2476 cite
583 2424 685 2476 duesae
700 2438 716 2474 a
733 2425 827 2477 Nicolo
843 2427 874 2474 V.
893 2424 927 2475 ed
943 2439 959 2475 a
976 2426 1024 2476 Pio
1041 2425 1071 2474 ll.
1090 2437 1140 2488 per

285 2507 414 2571 eccitargii
441 2519 456 2555 a
483 2519 577 2570 guerra
603 2513 693 2556 conus
719 2505 840 2556 Tureltis.
870 2505 940 2555 idem
968 2518 1043 2556 error
1068 2503 1138 2568 apud

285 2586 412 2650 voigtium
429 2598 571 2636 occurrere
587 2584 705 2647 videtum
722 2585 812 2636 confer
828 2585 884 2636 eius
900 2585 992 2635 librum
1008 2598 1087 2648 quern
1103 2582 1137 2634 de

286 2666 334 2715 Pio
357 2665 478 2723 Secundo
502 2665 626 2716 pontifice
650 2665 761 2715 Maximo
783 2665 885 2728 scripsit
900 2667 950 2716 vol.
970 2666 1012 2715 lll.
1031 2679 1057 2728 p.
1074 2668 1138 2729 ⁶¹52

287 2745 458 2796 illusserdem
475 2746 585 2796 richtete
601 2745 639 2795 sie
655 2746 744 2810 (lsota)
761 2744 855 2796 Reden
873 2744 924 2795 und
943 2744 1028 2795 Briele
1044 2758 1075 2794 an
1096 2744 1137 2794 iliu

285 2826 357 2888 (Pius
374 2826 426 2889 lll,
451 2825 495 2876 die
519 2840 576 2875 aum
601 2825 796 2889 Tirtentiriage
812 2823 936 2876 anleuern
952 2826 1063 2886 sollten;
1087 2824 1138 2875 des·

281 2906 388 2970 gies'cien
404 2908 473 2956 hatte
490 2907 528 2957 sie
545 2907 626 2957 sehon
642 2919 675 2956 an
693 2907 816 2957 Nicolaus
831 2907 862 2955 V.
878 2905 1049 2970 gacin'eiaas.
1068 2907 1137 2956 Male

285 2987 359 3037 etiam
377 2988 485 3038 loannes
502 2987 617 3049 Baptista
633 2986 753 3050 Egnatius
770 2987 823 3050 (De
840 2985 954 3048 exempl
974 2986 1065 3036 illustr.
1082 2986 1137 3035 Vir.

285 3071 301 3117 l.
319 3069 373 3117 vlt.
392 3082 415 3118 c.
434 3081 456 3116 ι.
474 3081 500 3130 p.
519 3067 592 3131 soti:
610 3067 954 3120 «Nonobscurabitttrame
966 3067 1138 3130 inpraesentia

286 3149 372 3198 lsott·
390 3148 529 3198 Novarola
544 3147 703 3198 Veronensis
719 3146 807 3197 debita
822 3149 884 3207 laus.
902 3158 963 3209 quas
980 3147 1089 3198 ttteolao
1105 3146 1136 3196 V.

284 3236 311 3277 et
333 3227 382 3278 Pio
408 3228 493 3278 Pontt.
520 3235 580 3278 tunc
604 3227 689 3278 floruit
710 3241 769 3278 eum
792 3227 945 3292 Theolugin
966 3225 1060 3287 studio,
1084 3235 1138 3276 tum

284 3309 360 3358 etiam
382 3308 538 3371 eloquentia.
563 3305 650 3357 addita
671 3306 703 3356 ad
727 3315 777 3356 tam
800 3306 929 3371 egregiam
944 3307 1063 3358 virtutem
1079 3318 1138 3369 per-

285 3395 372 3449 petua
388 3387 536 3452 virginitatis
547 3388 723 3451 propensione
735 3395 762 3437 et
773 3387 922 3437 constantia.
935 3386 1041 3450 Scripsit
1051 3394 1137 3436 autem

283 3465 317 3516 ad
340 3467 422 3530 ipsum
446 3467 579 3518 Nicolaum
603 3468 634 3516 V.
655 3467 781 3529 Piumque
798 3467 873 3516 Pont.
893 3468 960 3516 Mart.
979 3480 1028 3517 non
1046 3478 1135 3528 pauca,

284 3561 343 3609 qun
360 3548 462 3598 illisum
474 3561 571 3597 summa
584 3546 805 3598 commendatione
818 3547 961 3598 lectitarent
972 3547 1137 3610 posterisque

284 3626 387 3678 tradere
403 3640 503 3678 summo
519 3625 605 3678 studio
622 3626 787 3676 niterentur».

335 3701 359 3742 ⁶²
380 3706 454 3770 Apud
477 3706 643 3771 Agostimum,
661 3706 706 3769 qui
731 3708 748 3754 l.
775 3721 800 3768 p.
819 3717 929 3769 45-107
944 3704 980 3756 de
998 3705 1137 3755 Fuscaresi

283 3789 334 3838 vita
361 3787 513 3838 uberrimam
536 3785 617 3838 edidit
640 3786 752 3835 notitiam
777 3786 942 3849 rMartyrium
964 3785 1009 3835 SS.
1027 3784 1137 3836 Victoria

284 3877 311 3917 et
326 3867 440 3918 Corona
463 3868 576 3918 Ciuitatis
599 3867 677 3916 Feltri
702 3866 891 3926 Protectorum,
909 3865 1030 3928 seriptum
1051 3865 1137 3928 [immo

283 3949 436 4021 eaGraco
458 3947 612 4009 traductum]
635 3946 669 3996 ab
694 3946 863 3996 illustrissimo
885 3946 919 3994 D.
945 3947 978 3995 D.
1005 3945 1137 3997 tudovleo
