2850 4694
674 562 734 608 clx

274 707 475 808 eodemque
493 711 581 785 libro
599 711 761 807 descripti
778 728 856 784 sunt
877 712 992 784 codex
1020 719 1132 790 Guel-

274 825 471 925 ferbytanus
488 825 559 923 (83,
580 825 637 926 ις)
654 842 690 900 et
704 825 928 899 Monacensis
946 846 1011 923 522
1027 827 1130 922 (anno

281 941 370 1040 1467
392 941 594 1016 Hartmanni
612 940 762 1014 Scbedel
785 964 884 1013 manu
907 941 1076 1039 scriptus),
1096 945 1127 1016 in

273 1055 398 1154 quibus
426 1057 527 1131 deest
552 1081 631 1152 quae
657 1055 689 1128 in
716 1055 843 1130 codice
867 1057 1128 1133 Vindobonensi

274 1170 385 1269 primo
402 1174 484 1246 loco
501 1171 624 1270 legitur
642 1172 744 1246 lsotae
761 1171 909 1271 epistola
934 1174 978 1248 ad
1004 1177 1129 1250 Guari-

274 1311 353 1360 num
383 1287 521 1384 scripta,
547 1286 684 1360 additur
709 1288 826 1362 lacobi
853 1290 1030 1366 cuiusdam
1057 1293 1129 1390 epi-

272 1403 362 1477 stola
395 1400 440 1476 ad
458 1401 672 1476 Ludovicum
708 1405 883 1502 quendam
910 1406 956 1480 de
974 1406 1131 1482 laudibus

275 1518 526 1615 Nogarolarum
573 1543 729 1593 sororum
772 1520 909 1618 scripta.
963 1524 1130 1598 Ceterum

273 1632 392 1706 mirum
411 1650 475 1724 est,
494 1633 591 1732 quod
608 1634 641 1708 in
661 1651 808 1734 utroque
831 1635 958 1710 codice
987 1643 1131 1712 nonnul-

273 1749 379 1823 larum
410 1749 634 1847 epistolarum
670 1750 798 1825 initium
833 1768 963 1826 tantum
998 1769 1034 1826 et
1056 1755 1129 1827 finis

273 1862 407 1961 legitur,
425 1880 545 1941 cetera
563 1865 698 1940 desunt.

322 1980 391 2053 Sex
425 2006 505 2078 quae
540 1981 572 2054 in
607 1982 703 2055 initio
737 1982 811 2055 libri
850 1981 1129 2055 vindobonensis

273 2096 430 2194 leguntur
446 2096 604 2194 epistolae
621 2097 757 2188 desunt,
775 2113 905 2172 ceterae
921 2121 1043 2171 omnes
1069 2123 1129 2170 ex-

272 2226 345 2285 tant
358 2211 390 2284 in
401 2211 490 2287 libro
499 2211 750 2287 Cremisanensi
765 2211 824 2307 (nr.
847 2210 900 2309 ro)
914 2214 959 2286 ab
976 2215 1128 2309 Hugone

272 2327 429 2402 Schmidt
447 2327 478 2400 in
502 2329 697 2427 «Camlogo
714 2328 890 2403 Codicum
911 2329 1129 2426 Manuscrip-

273 2458 382 2516 torum
398 2442 430 2515 in
444 2443 659 2518 bibliotheca
669 2443 873 2517 Monasterii
888 2444 1128 2518 Cremisanen-

272 2557 318 2631 sis
336 2557 425 2631 Ord.
445 2561 478 2632 S.
501 2558 682 2633 Benedicti
700 2575 971 2633 asservatorum·
1002 2559 1126 2654 (Lentii

280 2673 380 2764 1881,
400 2676 502 2748 Tom.
522 2675 545 2746 l.
565 2674 648 2748 fasc.
668 2675 720 2747 lll.
748 2699 782 2772 p.
817 2674 883 2748 180
909 2672 1001 2771 sqq.)
1023 2699 1128 2748 accu-

272 2789 438 2863 ratissime
467 2788 657 2887 descripto
688 2788 720 2862 in
747 2814 819 2886 quo
844 2807 1016 2887 praeterea
1041 2789 1128 2863 inter

274 2930 321 2978 nr.
341 2906 383 2977 lll
401 2922 437 2978 et
454 2906 485 2975 V
506 2904 754 3003 «interponitur
774 2929 945 3003 sequens»
967 2906 1126 3003 anonymi

272 3020 422 3094 auctoris
431 3019 589 3117 epistola,
599 3044 680 3117 quae
690 3019 755 3093 inc.
772 3022 847 3093 «Te
857 3044 999 3119 quoque
1010 3019 1127 3092 ltalice

272 3134 470 3226 iuventuti»,
489 3137 580 3233 expl.
604 3160 668 3210 rex
686 3151 722 3209 te
739 3135 817 3233 ipso
841 3135 985 3233 pendes.
1019 3136 1127 3208 Cum-

272 3277 342 3350 que
359 3252 450 3326 nulla
458 3249 532 3348 (ils.

322 3367 431 3442 Etiam
449 3367 650 3442 Vaticanum
668 3367 789 3442 librum
812 3391 904 3464 3¹94
929 3365 1043 3440 eidem
1065 3390 1126 3461 ge-

273 3483 344 3558 neri
362 3481 561 3557 adscribere
578 3482 671 3572 licet,
689 3482 752 3556 sed
769 3482 894 3556 desunt
912 3481 943 3554 in
971 3507 1017 3556 eo
1048 3483 1127 3554 lraec
