2850 4694
540 621 597 682 ²37

141 774 234 849 dicta
251 799 387 849 mecum
401 775 524 848 veniat.
545 775 613 849 Cui
628 775 684 849 ille
698 776 893 873 respondit:
909 802 989 865 non,

140 888 203 963 sed
221 887 278 963 illa
294 889 369 963 talis
387 888 501 963 veniat
518 907 642 964 tecum.
679 893 760 964 Hec
786 917 870 965 vero
888 917 990 989 quam

142 1004 230 1101 petis
247 1004 305 1079 die
323 1004 498 1103 trigesimo
516 1005 581 1078 erit
598 1023 632 1079 te
649 1023 819 1080 secutura.
847 1007 912 1080 His
930 1006 992 1104 igi-

142 1138 194 1193 tur
219 1118 366 1217 expletis
391 1119 477 1193 visio
495 1121 643 1217 apostoli
662 1121 848 1195 assistentis
866 1140 901 1196 et
918 1123 992 1195 col·

130 1235 313 1331 ·loquentis
337 1236 452 1309 ablata
468 1252 530 1308 est.
558 1237 603 1307 At
620 1236 675 1309 illa
693 1237 847 1332 protinus
864 1253 992 1310 cuncte
1024 1270 1033 1320 t

141 1351 419 1448 congregationis
445 1349 590 1423 adscivit
615 1368 755 1425 matrem
786 1351 889 1448 eique
908 1350 990 1448 quid

140 1465 262 1538 viderit
288 1465 444 1563 quidque
469 1464 636 1539 audiverit
661 1465 831 1539 indicavit.
868 1467 991 1540 Tertio

119 1598 252 1664 „autem
280 1581 337 1655 die
363 1605 441 1654 cum
470 1606 512 1654 eu
534 1606 603 1678 que
630 1581 719 1655 iussa
744 1581 855 1655 suerat
871 1606 991 1656 sorore

141 1695 305 1770 defunctu
329 1715 394 1785 est,
421 1696 477 1769 illa
502 1720 704 1794 veroquam
724 1697 991 1795 ipsapoposce·

141 1831 191 1887 rat
216 1811 274 1886 die
301 1812 476 1909 trigesimo
500 1813 695 1886 subsecuta.
729 1811 840 1913 Quod
862 1812 988 1886 sactum
1007 1850 1036 1885 ιο

139 1953 231 2002 nunc
261 1953 370 2025 usque
405 1928 437 2000 in
471 1927 597 2002 eodem
633 1928 842 2032 mpnasterio
877 1946 992 2002 manet

141 2043 373 2117 memorabile.

191 2161 227 2233 O
254 2177 416 2257 quantum
444 2158 602 2249 riderem,
629 2162 730 2249 Isura,
760 2160 788 2234 si
819 2178 853 2234 te
879 2160 991 2234 Graio

40 2278 46 2291 '
142 2299 238 2350 more
256 2276 504 2372 pubescentem
523 2275 653 2351 crebris
671 2275 780 2349 infixis
798 2275 992 2350 lendinibus

141 2391 378 2489 conspicarerl
408 2393 462 2464 Te
481 2415 629 2487 namque
655 2390 772 2465 videre
798 2390 932 2466 viderer
958 2390 990 2464 in
1008 2429 1032 2479 ις

141 2505 264 2582 faciem
282 2507 398 2581 Sicule
415 2508 506 2605 Sylle
523 2530 655 2580 versam
675 2531 762 2581 esse.
783 2507 893 2580 Cuius

182 2692 280 2753 Prima
293 2691 418 2753 hominis
432 2691 520 2752 facies
534 2703 564 2752 et
578 2690 702 2773 pulchro
717 2699 836 2772 pectore
851 2692 931 2772 virgo

182 2789 266 2852 Pube
280 2801 374 2864 tenus,
394 2800 543 2871 postremo
557 2790 674 2850 immani
688 2808 814 2872 corpore
829 2790 938 2871 pistrix.

192 2973 271 3044 Heu
299 2995 366 3060 me,
397 2970 429 3043 in
460 2996 549 3068 quos
574 2995 643 3068 ego
661 2988 775 3044 tecum
794 2969 990 3068 impruden·
1025 3029 1029 3036 .

140 3102 192 3159 ter
216 3084 338 3159 desilui
364 3086 481 3161 iocos!
508 3085 567 3158 Dii
594 3085 712 3184 magis,
731 3110 868 3183 precor,
887 3088 989 3161 talem
1006 3134 1036 3169 ,ο

138 3226 159 3274 a
185 3201 249 3276 tuis
274 3202 436 3276 membris
458 3202 628 3300 indignam
660 3219 794 3299 pestem
824 3218 1001 3291 avertant·

138 3316 201 3391 sed
235 3317 349 3415 potius
383 3317 416 3390 in
448 3318 587 3415 figuram
617 3318 816 3414 vultumque
853 3320 988 3416 Dyune,

138 3434 193 3508 cui
211 3433 327 3507 similis
344 3434 389 3508 sis
406 3458 538 3530 oraque
555 3433 722 3508 simillima
738 3434 839 3531 geris,
855 3433 1000 3530 penitus.

138 3567 341 3625 convertant
374 3566 410 3625 et
448 3568 627 3649 perpetem
662 3567 809 3625 servent
855 3552 890 3626 ln
926 3551 989 3626 hos
