2850 4694
580 626 610 693 ¹5

170 783 254 881 ipsae
284 781 464 856 deludatis.
496 783 646 857 Venient
674 783 719 857 ad
748 809 811 857 vos
846 802 1018 882 tamquam

169 901 294 997 puellae
311 898 514 973 subrusticae
541 901 634 972 nullo
655 917 788 989 ornatu,
807 902 897 974 nulla
913 925 1019 974 venu-

167 1031 255 1088 state
273 1030 426 1112 comptae
439 1038 512 1105 sua,
522 1017 684 1111 squalore
694 1015 808 1113 potius
825 1033 861 1089 et
878 1018 1018 1115 pulvere

168 1129 345 1219 obductae,
373 1145 545 1227 tamquam
574 1130 685 1204 dumis
710 1155 844 1228 asperae
875 1148 911 1204 et
943 1134 1019 1205 sole

168 1245 333 1343 apricanti
352 1245 693 1320 exustaeadmodum.
714 1246 748 1319 Si
758 1246 858 1319 vobis
867 1246 1020 1320 alludent
1051 1277 1061 1330 t

168 1361 297 1459 inepte,
307 1360 334 1434 si
349 1360 483 1434 facetiis
491 1361 571 1453 suis,
581 1362 609 1435 si
618 1362 744 1435 salibus
754 1362 937 1453 indecoris,
947 1388 1019 1436 ser-

169 1502 272 1552 mone
293 1477 469 1576 subrigido
487 1478 586 1552 vobis
603 1478 812 1569 arridebunt,
830 1503 889 1553 eas
907 1495 1020 1552 vestra

168 1592 332 1667 comitate
367 1594 629 1692 urbanitateque
658 1611 771 1668 vestra
795 1594 958 1692 suscipite
975 1619 1018 1668 ac

167 1708 389 1784 solitavestra
407 1710 615 1784 humanitate
633 1709 910 1808 complexamini.
926 1712 1016 1783 Tum

169 1824 374 1923 intelligetis,
402 1850 504 1922 quam
522 1827 586 1899 sub
605 1825 667 1899 illis
685 1826 883 1899 fervescens
909 1825 1019 1923 pietas
1035 1858 1065 1895 ιο

168 1939 360 2032 delitescat,
388 1967 489 2039 quam
515 1941 637 2032 suavis,
657 1966 758 2039 quam
785 1940 935 2014 iocunda
957 1966 1019 2014 no

167 2066 246 2131 strae
276 2057 437 2132 amicitiae
463 2056 662 2132 vicissitudo
691 2059 870 2131 sublateat.
908 2057 1018 2148 Exite,

169 2172 274 2247 modo
307 2198 370 2247 vos
407 2175 531 2264 hastas,
567 2191 708 2271 torques
742 2190 777 2246 et
811 2173 1017 2270 reliquorum

168 2290 312 2362 telorum
337 2312 458 2386 genus,
477 2290 547 2361 hoc
563 2305 617 2362 est
633 2288 871 2362 disertissimos
888 2287 1018 2385 episto

167 2406 215 2478 las
232 2421 361 2478 vestras
379 2404 411 2477 in
431 2404 580 2478 medium
597 2404 755 2492 educite;
775 2430 844 2502 ego
861 2428 944 2477 vero
962 2429 1018 2477 me
1035 2439 1060 2489 ις

168 2545 337 2618 praeparo‚
374 2538 410 2594 ut
439 2521 612 2595 scribendi
647 2538 822 2627 certamen
853 2520 1016 2593 ineamus.

167 2638 316 2711 Virtutes
347 2655 476 2711 vestras
506 2639 653 2736 experiri
684 2637 862 2736 percupio.
891 2637 925 2710 Si
955 2662 1017 2710 vos

166 2754 199 2827 in
226 2754 414 2829 certamine
441 2754 671 2852 promptiores
702 2778 925 2853 perspexero
960 2770 1018 2825 aut

166 2894 292 2969 magno
317 2870 432 2944 animo
457 2895 620 2968 superare
646 2888 704 2943 aut
729 2871 848 2944 saltem
875 2893 1017 2966 aequare

165 2985 464 3060 vehementissime
485 2985 715 3074 contendam;
750 2985 776 3058 si
796 3010 878 3058 vero
895 3009 1017 3058 socor·
1031 3019 1063 3055 20

165 3101 281 3177 diores
297 3101 429 3193 videm,
454 3101 618 3200 gaudebo
635 3118 672 3175 et
687 3125 749 3174 vos
767 3100 846 3173 mihi
869 3099 1017 3174 cessisse

211 3277 246 3342 (3)
263 3258 372 3329 susum.
393 3280 419 3327 V.
462 3277 497 3343 (ς)
521 3279 619 3341 appric.
637 3278 667 3327 C.
701 3277 815 3326 alludunt
833 3276 862 3324 C.
896 3274 931 3338 (6)
947 3275 1017 3337 inep-

164 3367 204 3409 tes
233 3361 260 3407 V.
302 3360 350 3410 isc
368 3361 407 3409 sui
437 3361 463 3407 V.
514 3357 549 3424 (7)
576 3372 624 3407 eus
651 3358 681 3407 C.
731 3355 781 3419 (to)
809 3357 956 3405 trenescens
984 3356 1014 3405 C.

165 3438 558 3503 (11)dilstescstC,dititescstV.
574 3437 833 3499 (12)vicissitudiniC.
852 3436 976 3498 (1³)astss
984 3437 1014 3486 C·

166 3518 215 3582 (14)
235 3522 355 3570 tenorum
376 3521 402 3568 V.
444 3519 495 3584 (19)
515 3520 596 3568 saltim
620 3519 649 3569 C.
692 3517 741 3581 (ιι)
766 3517 864 3582 gaudes
893 3518 919 3564 V.
957 3517 1014 3565 mihi

166 3599 284 3663 cessisse]
300 3600 434 3653 incessisse
448 3602 479 3650 V.
