2850 4694
901 573 939 650 78

490 744 707 842 amplissimae
733 761 801 819 tuae
826 745 992 843 dignitati,
1014 745 1191 842 sapientiae
1221 762 1343 819 aucto-

490 859 649 957 ritatique
684 877 752 935 tuae
787 861 886 934 trado
919 878 1025 958 atque
1059 860 1225 936 condono
1269 878 1342 935 tan·

490 991 631 1073 tumque
657 975 722 1049 iam
750 976 809 1049 tibi
831 976 1044 1067 reverentiae,
1062 994 1171 1074 pater,
1189 976 1340 1066 adhibui,

489 1108 526 1165 ut
551 1108 586 1165 te
612 1094 694 1166 loco
720 1092 869 1189 parentis
892 1092 1082 1166 existimem
1102 1110 1217 1190 teque,
1236 1119 1341 1167 vene-

463 1208 595 1286 trande
630 1224 738 1305 pater,
773 1208 838 1282 iam
866 1226 1011 1305 pectore
1041 1226 1116 1283 toto
1141 1208 1280 1307 accipio
1305 1226 1341 1282 et

488 1323 736 1420 quodcumque
759 1323 839 1396 mihi
857 1324 997 1398 honoris
1016 1323 1195 1421 laudisque
1212 1341 1276 1413 est,
1295 1350 1341 1398 ex

488 1456 522 1513 te
543 1464 697 1514 manasse
715 1441 915 1538 profitebor.
935 1441 1031 1513 Vale.

533 1676 567 1739 (1)
585 1677 653 1740 dign.
671 1688 722 1727 tuae
735 1680 766 1727 R.
800 1679 833 1740 (1.
846 1679 932 1742 alsap.
945 1688 1013 1728 auct.
1026 1682 1175 1730 tuaeom.R.
1210 1682 1336 1731 autonc

485 1757 519 1819 (a)
527 1765 579 1806 tuae
596 1773 641 1806 om.
651 1760 678 1807 1..
697 1760 770 1807 traho
780 1759 809 1817 C,
823 1759 958 1808 traddoR.
985 1760 1138 1810 commendo
1150 1763 1176 1809 L.
1212 1760 1246 1824 (3)
1257 1761 1296 1810 ian
1306 1762 1337 1819 C,

484 1851 530 1886 om.
542 1839 572 1886 R.
591 1839 646 1898 tibil
662 1838 705 1887 diu
719 1841 746 1887 V.
766 1853 819 1887 rev.
831 1840 878 1888 iam
887 1854 912 1903 p.
924 1841 955 1888 R.
974 1849 1061 1902 patres
1075 1842 1102 1889 l..
1122 1841 1156 1904 (a)
1165 1843 1294 1903 presentis
1304 1843 1336 1891 R.

485 1917 557 1982 (455)
576 1918 723 1967 venerando
742 1920 772 1967 R.
808 1919 841 1980 (ς)
859 1927 988 1980 pateram.
1007 1921 1034 1967 V.
1064 1919 1097 1982 (ὁ)
1115 1930 1290 1983 quantumque
1306 1922 1336 1971 C.

484 1999 588 2047 honoris
611 1999 668 2046 mihi
693 2000 721 2047 L.
755 1997 789 2061 (7)
813 2012 944 2047 emanasse
961 2001 1012 2048 PR.
1038 2015 1086 2048 em.
1104 2001 1195 2064 iugiter
1217 2002 1283 2063 proi.
1304 2003 1336 2051 R.

483 2079 624 2140 profitebar
645 2082 669 2128 P
686 2082 708 2127 et
732 2080 804 2128 codex
826 2078 972 2137 Basiliensis,
994 2083 1119 2142 profiteor
1139 2082 1166 2129 V.
1200 2083 1263 2131 Vale
1289 2084 1337 2132 ium

484 2159 621 2207 litterarum
639 2158 709 2207 sidus
722 2160 752 2210 R.
767 2159 790 2206 in
807 2173 854 2222 quo
869 2159 920 2207 ltaec
935 2163 1078 2222 suqutmlur:
1096 2161 1146 2208 Etsi
1165 2161 1223 2208 nihil
1240 2176 1338 2211 vereor

483 2239 544 2300 quid
561 2239 587 2300 (l.
600 2253 608 2286 :
619 2239 701 2301 quod)
715 2254 792 2287 causa
809 2253 929 2287 meunon
947 2242 1035 2289 minori
1052 2241 1082 2288 sit
1095 2241 1139 2289 tibi
1155 2255 1217 2290 cure
1232 2255 1285 2303 que
1296 2242 1338 2305 (l.:

482 2320 567 2382 quam)
583 2329 633 2377 tua,
647 2328 741 2368 lantum
750 2319 794 2382 (l..·
807 2319 901 2381 tamen)
914 2335 962 2368 non
975 2321 1033 2369 duxi
1044 2322 1153 2369 alienum
1165 2322 1214 2370 sub
1225 2323 1335 2371 amicitia

483 2408 605 2448 nostrate
617 2415 722 2448 monere
739 2410 818 2461 atque
839 2414 939 2463 rogare,
954 2401 978 2450 id
996 2401 1080 2458 studii,
1103 2415 1166 2450 cure
1183 2410 1209 2449 et
1227 2403 1335 2466 diiigen-

482 2481 517 2529 tie
534 2481 557 2527 in
582 2494 718 2529 remmeam
735 2482 860 2540 conferas,
881 2491 906 2530 ut
928 2482 1039 2544 quisque
1056 2482 1175 2544 intelligat
1193 2484 1336 2532 necessitu-

482 2559 542 2609 dine
560 2569 645 2609 nostra
663 2561 721 2608 nihil
737 2562 897 2610 coniunctius
914 2561 1018 2623 quidem
1033 2561 1125 2610 homini
1142 2576 1193 2610 non
1213 2561 1262 2625 (l.:
1279 2565 1335 2624 qui·

481 2641 550 2689 dem.
567 2640 669 2689 Homini
679 2641 698 2703 l)
708 2641 806 2703 ingrato
818 2641 971 2692 beneficium
982 2641 1126 2704 prestitisse
1142 2650 1169 2691 te
1180 2655 1333 2705 cognoscas.

480 2719 544 2768 Vale
561 2727 587 2767 et
604 2727 630 2767 te
646 2718 692 2781 (l.:
709 2718 833 2781 melanus.
