2850 4694
542 621 592 687 ῐ75

140 796 285 850 terarum
312 793 348 849 et
374 801 483 850 rerum
506 776 695 874 scientiam,
715 802 793 873 quae
812 773 989 872 potissime

138 893 209 966 duo
236 917 513 989 unumquemque
540 893 596 989 qui
622 916 682 966 eas
710 891 856 989 adeptus
873 907 926 963 est
943 890 988 963 ad

138 1007 373 1081 celebritatem
401 1007 546 1081 nominis
562 1007 777 1105 gloriamque
795 1006 987 1104 provehere

137 1123 248 1197 solitae
274 1138 361 1197 sunt.
389 1123 459 1197 Sed
485 1122 567 1219 quid
593 1147 673 1220 ego,
693 1147 772 1220 quae
799 1123 876 1195 liaec
893 1120 986 1220 apud

138 1256 171 1313 te
198 1240 302 1313 virum
330 1239 564 1314 doctissimum
591 1265 758 1327 memoro,
778 1238 835 1335 qui
854 1237 904 1311 his
921 1237 987 1309 vir·
1019 1265 1028 1316 t

137 1356 263 1429 tutibus
282 1356 506 1428 immortalem
529 1355 589 1427 tibi
606 1354 748 1452 gloriam
768 1352 985 1450 comparasti,
1053 1450 1059 1457 ‚

137 1497 206 1569 qua
240 1471 322 1544 vivis
356 1487 392 1544 et
427 1470 569 1544 fruaris?
615 1471 735 1543 Finem
772 1469 870 1567 igitur
905 1467 985 1540 mihi

137 1586 239 1676 racio,
267 1589 332 1660 hac
351 1603 464 1660 tamen
484 1588 571 1684 lege,
591 1603 626 1659 ut
645 1585 724 1659 huic
743 1610 831 1659 meae
849 1584 986 1657 temeri-

136 1703 195 1777 tati
223 1703 393 1800 ignoscas,
419 1703 447 1776 si
474 1719 541 1776 tam
567 1727 649 1777 ausa
671 1702 790 1776 luerim
809 1701 854 1774 ad
873 1718 906 1773 te
925 1703 985 1774 has

136 1818 280 1916 ineptias
301 1817 396 1909 dare,
415 1818 447 1890 in
465 1817 589 1914 quibus
606 1818 632 1891 si
653 1818 735 1915 quid
754 1816 983 1891 incorrectum
1003 1842 1031 1877 10

135 1959 216 2008 casu
242 1959 303 2008 seu
326 1934 451 2032 linguae
469 1935 691 2008 fluctuatione
709 1934 871 2031 scriptum
891 1933 984 2004 inve-

135 2049 235 2139 neris,
254 2075 318 2148 pro
336 2066 393 2124 tua
411 2049 591 2147 prudentia
608 2049 774 2123 emendes
791 2074 864 2122 oro.
901 2051 983 2122 lloc

133 2166 223 2238 enim
246 2182 372 2240 coacta
388 2165 443 2263 egi
463 2190 541 2239 cum
561 2166 625 2241 tuis
643 2165 836 2239 clarissimis
853 2163 983 2238 virtuti-

133 2281 207 2370 bus,
226 2305 306 2354 meo
321 2281 352 2353 in
367 2297 401 2354 te
415 2306 533 2354 amore
546 2306 588 2355 ac
603 2280 803 2370 reverentia,
818 2297 887 2352 tum
903 2279 983 2377 quia

134 2423 200 2470 non
219 2423 337 2495 parum
365 2423 419 2471 me
447 2398 618 2471 felicitatis
635 2422 678 2471 ac
704 2413 981 2471 ornamentorum
999 2420 1023 2471 ιι

132 2537 351 2611 comparasse
365 2513 574 2604 iudicaver0,
593 2514 619 2587 si
638 2530 729 2587 tuam
749 2513 780 2585 in
799 2512 980 2586 amicitiam

131 2630 293 2719 venerim,
321 2631 481 2727 quoniam
509 2628 557 2726 (ut
583 2656 652 2703 non
671 2628 817 2728 ignoras)
836 2628 982 2703 maxima

131 2747 203 2819 laus
220 2745 297 2818 viris
315 2762 369 2819 est
387 2748 525 2843 placere
547 2745 768 2843 principibus.
796 2746 882 2818 Vale
899 2762 935 2818 et
951 2743 980 2817 si

176 3100 210 3163 (ι)
226 3101 384 3164 potissimum
407 3102 445 3152 Μ.
496 3100 529 3164 (4)
551 3101 612 3165 ego]
629 3103 688 3165 lego
704 3101 792 3151 CGM.
828 3103 883 3150 haec
906 3114 976 3151 emm.

130 3180 193 3229 GM.
226 3188 289 3242 aput
306 3181 369 3230 GM.
405 3180 437 3243 (ς)
454 3180 500 3239 hiis
521 3181 578 3231 CG.
613 3180 645 3244 (6)
669 3181 768 3230 inmort.
789 3181 826 3229 Μ.
860 3179 977 3243 (ylvivisl

129 3274 193 3309 unus
210 3261 297 3310 CGM.
332 3261 424 3309 frueris
446 3263 474 3309 V.
520 3260 568 3325 (ιο)
588 3262 687 3322 ineptas
711 3261 738 3308 V.
782 3260 927 3322 siquidem
946 3262 975 3312 C

129 3340 301 3403 incorreptum
325 3340 403 3389 codd..
453 3340 501 3405 (ιι)
526 3342 582 3402 seu]
605 3348 648 3389 aut
676 3343 703 3388 V.
750 3341 919 3389 fluctuucitate
947 3343 975 3389 V.

129 3418 178 3483 (ιι)
189 3420 265 3482 enim]
276 3421 352 3483 igitur
362 3422 389 3468 V.
425 3420 473 3482 (ta)
486 3421 555 3483 quia]
567 3435 647 3481 quere
664 3422 690 3468 V.
725 3420 774 3482 (ις)
787 3420 846 3481 non]
859 3419 937 3468 modo
945 3422 974 3470 C.

129 3513 186 3549 mee
211 3500 240 3550 G
291 3508 317 3549 ct
342 3515 397 3550 orn.
425 3501 485 3555 CM.
528 3499 577 3567 (16)
603 3501 626 3551 in
651 3514 721 3550 omm.
747 3501 810 3549 GM.
863 3499 912 3562 (ιθ)
937 3510 976 3549 est

128 3580 188 3633 viris
207 3582 235 3633 t'.
269 3580 337 3629 veris
353 3581 383 3633 C.
