2850 4694
720 538 774 604 rou

320 711 458 812 modum
477 736 592 810 spero,
616 712 828 799 nanciscere,
859 734 1016 807 quaenam
1043 709 1173 784 divitiae

319 851 397 900 cum
417 829 537 901 horum
555 827 744 901 studiorum
764 826 912 925 praemiis
926 825 1172 924 comparandae

318 947 441 1017 erunt?
471 947 516 1016 At
541 944 632 1017 enim
650 943 740 1034 vide,
761 959 889 1040 quanta
914 942 947 1015 in
974 942 1026 1015 his
1051 942 1172 1016 studiis

318 1059 396 1134 insit
421 1059 578 1158 dignitas,
598 1077 633 1133 ut
652 1084 755 1133 nemo
781 1059 953 1157 princeps,
981 1083 1085 1131 nemo
1111 1083 1171 1132 rex

291 1203 301 1255 t
316 1176 382 1251 sibi
400 1193 500 1275 turpe
517 1176 653 1249 duxerit
675 1178 740 1249 hac
758 1175 902 1250 scientia
919 1192 955 1248 et
971 1175 1173 1271 eloquentia

318 1291 478 1390 insigniri.
509 1291 732 1366 Theodosius
758 1291 919 1390 princeps
945 1289 1003 1365 die
1029 1289 1171 1387 quidem

315 1425 374 1483 aut
391 1410 619 1482 exercebatur
637 1407 669 1481 in
687 1407 789 1481 armis
806 1423 863 1481 aut
884 1407 930 1480 de
956 1406 1170 1480 subditorum

316 1524 464 1622 negotiis
482 1524 532 1598 ius
549 1523 702 1598 dicendo
720 1523 944 1612 decernebat,
964 1539 1070 1596 nocte
1086 1548 1171 1596 vero

315 1639 408 1714 libris
442 1639 486 1713 ad
522 1643 694 1714 lucernam
731 1640 961 1713 incumbebat.
998 1643 1171 1736 Augustus

272 1781 302 1819 ιο
315 1779 399 1830 vero
416 1755 449 1828 in
469 1756 659 1830 Mutinensi
686 1758 779 1829 bello
805 1780 943 1853 semper
968 1757 1086 1852 legere
1113 1772 1171 1829 aut

313 1870 468 1945 scribere
493 1887 731 1946 consueverat.
756 1873 793 1944 O
812 1873 1022 1970 voluptatem
1050 1871 1172 1945 iocun-

314 1986 528 2084 ditatemque
559 1987 698 2062 istorum
728 1987 930 2076 studiorum,
958 2012 1037 2084 quae
1076 2004 1171 2060 tanta

312 2119 377 2193 est,
406 2118 442 2177 ut
468 2102 611 2177 difficile
636 2103 680 2176 sit
709 2119 842 2177 mentes
873 2103 954 2176 inde
984 2102 1168 2176 divellere!

311 2219 439 2291 Verum
467 2242 510 2291 ne
541 2217 640 2292 nimis
674 2218 813 2292 dicendi
840 2219 992 2291 habenas
1018 2220 1170 2291 relaxem

270 2358 296 2411 ις
312 2350 349 2407 et
378 2358 422 2407 ne
451 2358 552 2407 anser
580 2335 761 2432 obstrepat
790 2333 878 2407 inter
907 2335 1033 2422 olores,
1066 2334 1170 2407 finem

313 2447 452 2523 dicendi
480 2448 615 2539 faciam,
641 2449 670 2523 si
688 2449 792 2547 prius,
812 2448 907 2546 quod
926 2473 989 2547 per
1011 2465 1045 2522 te
1071 2448 1170 2539 facis,

313 2565 357 2639 ad
372 2567 449 2639 brec
464 2564 683 2638 humanitatis
696 2564 809 2640 studia
822 2581 858 2638 et
871 2567 1036 2638 bonarum
1046 2563 1171 2638 artium

314 2693 494 2778 praecepta
511 2683 694 2755 exhortatu
711 2682 819 2755 tuero.
849 2681 960 2782 Quod
978 2696 1094 2754 autem
1113 2705 1171 2754 me

336 2882 539 2947 ·(1)qurentm]
558 2896 613 2932 num
631 2884 664 2932 G.
700 2882 733 2946 (a)
751 2884 891 2945 probemiis
907 2882 970 2932 GM.
1014 2882 1049 2946 (3)
1064 2885 1170 2946 quanta]

313 2976 373 3024 que
392 2964 425 3012 o.
460 2962 602 3023 ansero.
638 2962 924 3026 (prenominamus,
942 2965 1036 3012 ono.
1072 2963 1170 3026 (pstor

313 3056 358 3091 onr.
372 3042 403 3092 C.
418 3043 453 3103 et]
462 3055 493 3092 ac
502 3043 540 3092 Μ.
574 3040 608 3106 (6)
615 3043 783 3093 Theodosius
791 3043 820 3093 C.
843 3042 876 3105 (7)
884 3043 994 3091 deomm.
1005 3042 1068 3092 GM.
1089 3042 1124 3105 (Θ)
1133 3043 1171 3091 di·

313 3123 415 3182 sem.c,
425 3123 613 3173 discem.FGP.
633 3122 667 3185 (9)
677 3124 757 3173 libros
767 3124 799 3172 G.
814 3124 954 3172 income.
966 3123 1172 3186 (9-11)Aug.-

313 3215 436 3252 consuev.
450 3218 495 3252 om.
510 3205 543 3253 G.
580 3202 629 3267 (ιο)
646 3204 760 3266 semper]
771 3212 816 3251 aut
827 3205 855 3251 Ε
891 3203 940 3266 (11)
951 3214 1122 3253 consueverat
1135 3207 1171 3254 ob

314 3285 364 3331 vol.
382 3286 409 3332 E.
445 3283 492 3345 (11.
515 3284 551 3347 12)
568 3285 616 3332 iuc.
636 3285 664 3332 Ε.
699 3283 748 3347 (12)
767 3284 918 3343 istoriamF,
937 3292 1082 3333 sanctorum
1103 3286 1168 3335 GM.

315 3361 365 3426 (rr)
374 3363 485 3413 difficilte
494 3364 524 3413 C.
559 3365 707 3412 mentemli
736 3364 877 3413 demovere
886 3365 919 3413 G.
948 3364 1128 3427 (14)neminus
1138 3367 1169 3416 C.

315 3442 451 3506 (15)anxer
464 3443 493 3492 α
524 3443 637 3507 (rb-18)
650 3443 745 3492 faciam.
760 3445 785 3492 Si
797 3444 884 3506 prius.
897 3479 902 3491 .
915 3479 921 3491 .
932 3452 1064 3506 praecepta
1075 3453 1102 3493 te
1114 3459 1170 3494 sum

315 3524 424 3582 hortata,
435 3537 526 3585 pareas
536 3536 643 3583 quoeso:
660 3523 731 3584 quod
741 3531 827 3571 autern
839 3525 866 3571 Ε.
902 3523 951 3585 (18)
961 3525 1093 3572 exhortata
1105 3525 1135 3573 C.
