2850 4694
659 553 730 600 XXX

272 711 416 784 sortasse
443 711 597 782 iuvenum
626 710 755 783 iliorum
786 710 940 807 epistoiis
959 713 1050 783 Ferrt

272 846 308 900 et
325 825 479 900 Venetiis
498 825 543 900 ad
560 851 697 899 sorores
719 826 854 923 scriptis
876 826 1048 922 subiunget

272 958 359 1030 sunt,
372 958 497 1014 —tum
516 942 638 1015 litterae
656 967 740 1038 quas
759 958 908 1014 exeunte
926 967 1042 1014 annot

272 1074 307 1132 et
326 1058 463 1131 ineunte
481 1083 572 1131 anno
597 1056 859 1154 1439m'c0tms
878 1058 1004 1130 Barbas
1021 1081 1044 1154 p

272 1173 345 1247 cius
378 1175 543 1260 Venetus,
579 1172 636 1271 qui
673 1199 740 1246 non
776 1175 884 1245 solum
917 1172 1035 1245 litteris

272 1289 373 1362 etiam
392 1314 429 1362 re
456 1289 595 1387 publica
611 1288 876 1362 administranda
898 1288 1033 1361 laudem

272 1404 531 1503 comparavit‚⁴⁶
556 1404 599 1477 ad
628 1407 749 1478 lsotam
773 1404 917 1501 scripsit.
950 1403 1041 1476 Prior

274 1519 411 1594 Nicolai
438 1520 556 1593 litteris
579 1522 668 1593 lsota
686 1520 750 1593 iam
770 1520 921 1593 Venetiis
940 1519 1040 1592 rescri

272 1661 343 1734 quo
361 1635 476 1709 medio
495 1636 567 1708 sere
585 1660 675 1709 anno
705 1637 793 1731 1438
812 1660 888 1708 cum
909 1652 981 1709 tota
999 1635 1038 1708 sat

271 1777 309 1825 se
327 1751 489 1838 contulit;
508 1751 621 1824 alteris
646 1752 787 1824 omnino
814 1778 881 1825 non
905 1776 1037 1849 respon«

271 1867 415 1956 videtur,
426 1866 571 1941 sortasse
589 1892 631 1940 ea
648 1867 693 1941 de
712 1893 826 1954 causa,
842 1868 920 1965 quia
939 1868 1036 1940 littert

272 1983 516 2057 commercium
541 1983 626 2057 inter
652 1983 808 2056 homines
831 1983 861 2055 in
889 1983 1011 2056 eadem

273 2099 465 2173 habitantes
489 2124 571 2172 sane
589 2099 794 2197 superfluum
814 2098 919 2171 videri
947 2099 996 2172 eis
1023 2126 1033 2197 Ι

272 2232 332 2289 rat.
352 2218 387 2288 In
406 2239 510 2288 causa
527 2232 651 2302 autem,
663 2218 911 2288 curlsotacum
928 2231 1032 2287 matre

272 2331 377 2404 tribus
386 2331 535 2404 Antonio
550 2346 585 2403 et
601 2329 794 2419 LeonardO,
806 2356 925 2404 sorore
941 2332 1031 2403 Batti
1051 2427 1061 2432 ἢ

272 2472 360 2522 maea
377 2447 520 2545 eiusque
539 2447 660 2520 marito
680 2448 807 2520 Iacobo
827 2448 1022 2543 Lavagnola
1035 2478 1061 2530 a

272 2589 341 2661 que
354 2563 422 2637 suis
435 2562 598 2636 Venetias
613 2588 650 2636 se
668 2563 879 2651 contulisset,
896 2564 1022 2634 bellum
1038 2592 1059 2639 e

272 2679 367 2779 quod
394 2679 481 2751 inter
506 2681 661 2751 Venetos
687 2697 722 2750 et
751 2678 945 2776 Philippum
977 2680 1061 2753 Mati

271 2795 426 2871 Visconti
447 2794 758 2868 Mediolanensium
786 2793 910 2867 ducem
938 2818 1059 2869 exarse

273 2915 304 2986 in
319 2938 390 3011 quo
399 2912 538 2984 Verona
547 2935 625 2983 cum
644 2910 773 2983 viciniis
792 2911 911 2982 iterum
931 2910 1061 2984 iterum<

272 3027 497 3128 pestilentiam
517 3027 668 3123 aliasque
685 3052 807 3124 graves
820 3026 1030 3099 calamitates
1045 3052 1061 3124 p

272 3168 374 3241 pessa
399 3159 452 3216 est
477 3141 642 3240 quodque
672 3144 882 3238 Nogarolam
911 3141 1061 3214 familiam

273 3285 335 3358 per
352 3276 420 3332 tres
438 3258 510 3330 sere
528 3283 636 3330 annos
654 3261 809 3331 exularet
825 3257 1034 3355 compulit⁴⁷

321 3374 404 3448 Inde
421 3374 466 3446 ab
484 3375 552 3447 hoc
567 3392 724 3472 tempore
739 3373 803 3447 iam
818 3373 861 3446 ad
878 3376 978 3447 lsotae
992 3389 1059 3445 tant

271 3489 455 3564 litterarum
470 3489 581 3563 studia
594 3490 741 3563 imimum
752 3489 931 3563 attendere
942 3488 1058 3562 deberi
