<?xml version="1.0" encoding="UTF-8"?>
<!DOCTYPE html PUBLIC "-//W3C//DTD XHTML 1.0 Transitional//EN"
    "http://www.w3.org/TR/xhtml1/DTD/xhtml1-transitional.dtd">
<html xmlns="http://www.w3.org/1999/xhtml" xml:lang="en" lang="en">
 <head>
  <title>
</title>
<meta http-equiv="Content-Type" content="text/html;charset=utf-8" />
  <meta name='ocr-system' content='tesseract 3.04.00' />
  <meta name='ocr-capabilities' content='ocr_page ocr_carea ocr_par ocr_line ocrx_word'/>
</head>
<body>
  <div class='ocr_page' id='page_1' title='image "./isotnogarolvero00nogagoog/isotnogarolvero00nogagoog_0025.png"; bbox 0 0 2850 4694; ppageno 0'>
   <div class='ocr_carea' id='block_1_1' title="bbox 664 620 721 663">
    <p class='ocr_par' dir='ltr' id='par_1_1' title="bbox 664 620 721 663">
     <span class='ocr_line' id='line_1_1' title="bbox 664 620 721 663; baseline 0 0"><span class='ocrx_word' id='word_1_1' title='bbox 664 620 721 663; x_wconf 84' lang='lat' dir='ltr'><strong>xm</strong></span> 
     </span>
    </p>
   </div>
   <div class='ocr_carea' id='block_1_2' title="bbox 263 774 1119 3629">
    <p class='ocr_par' dir='ltr' id='par_1_2' title="bbox 263 774 1119 2700">
     <span class='ocr_line' id='line_1_2' title="bbox 267 774 1119 875; baseline 0 -26"><span class='ocrx_word' id='word_1_2' title='bbox 267 800 386 875; x_wconf 80' lang='lat' dir='ltr'><strong>perum</strong></span> <span class='ocrx_word' id='word_1_3' title='bbox 416 774 546 873; x_wconf 86' lang='lat' dir='ltr'><strong>negotii</strong></span> <span class='ocrx_word' id='word_1_4' title='bbox 576 774 640 848; x_wconf 87' lang='lat' dir='ltr'>sibi</span> <span class='ocrx_word' id='word_1_5' title='bbox 670 774 885 849; x_wconf 79' lang='lat' dir='ltr'><strong>lacessivisse</strong></span> <span class='ocrx_word' id='word_1_6' title='bbox 913 799 957 849; x_wconf 87' lang='lat' dir='ltr'><strong>ex</strong></span> <span class='ocrx_word' id='word_1_7' title='bbox 997 799 1119 873; x_wconf 79' lang='lat' dir='ltr'><strong>magne</strong></span> 
     </span>
     <span class='ocr_line' id='line_1_3' title="bbox 267 889 1119 988; baseline -0.001 -23"><span class='ocrx_word' id='word_1_8' title='bbox 267 891 450 966; x_wconf 86' lang='lat' dir='ltr'><strong>liberorum</strong></span> <span class='ocrx_word' id='word_1_9' title='bbox 465 890 570 988; x_wconf 82' lang='lat' dir='ltr'><strong>copie</strong></span> <span class='ocrx_word' id='word_1_10' title='bbox 583 889 685 965; x_wconf 80' lang='lat' dir='ltr'><strong>facile</strong></span> <span class='ocrx_word' id='word_1_11' title='bbox 699 889 814 964; x_wconf 94' lang='lat' dir='ltr'><strong>conici</strong></span> <span class='ocrx_word' id='word_1_12' title='bbox 829 906 954 988; x_wconf 88' lang='lat' dir='ltr'><strong>potest.</strong></span> <span class='ocrx_word' id='word_1_13' title='bbox 971 891 1021 963; x_wconf 83' lang='lat' dir='ltr'><strong>Ex</strong></span> <span class='ocrx_word' id='word_1_14' title='bbox 1031 916 1119 988; x_wconf 92' lang='lat' dir='ltr'><strong>quo-</strong></span> 
     </span>
     <span class='ocr_line' id='line_1_4' title="bbox 266 1006 1119 1082; baseline -0.004 -1"><span class='ocrx_word' id='word_1_15' title='bbox 266 1033 339 1082; x_wconf 87' lang='lat' dir='ltr'><strong>rum</strong></span> <span class='ocrx_word' id='word_1_16' title='bbox 363 1031 505 1081; x_wconf 88' lang='lat' dir='ltr'><strong>numero</strong></span> <span class='ocrx_word' id='word_1_17' title='bbox 531 1006 565 1080; x_wconf 93' lang='lat' dir='ltr'><strong>hi</strong></span> <span class='ocrx_word' id='word_1_18' title='bbox 592 1006 692 1081; x_wconf 88' lang='lat' dir='ltr'><strong>nobis</strong></span> <span class='ocrx_word' id='word_1_19' title='bbox 717 1006 947 1080; x_wconf 88' lang='lat' dir='ltr'><strong>innotuerunt.</strong></span> <span class='ocrx_word' id='word_1_20' title='bbox 975 1010 1119 1080; x_wconf 74' lang='lat' dir='ltr'><strong>Leonat-</strong></span> 
     </span>
     <span class='ocr_line' id='line_1_5' title="bbox 266 1121 1119 1220; baseline -0.002 -23"><span class='ocrx_word' id='word_1_21' title='bbox 266 1123 328 1197; x_wconf 84' lang='lat' dir='ltr'><strong>dus</strong></span> <span class='ocrx_word' id='word_1_22' title='bbox 346 1121 608 1197; x_wconf 74' lang='lat' dir='ltr'>protonotarius</span> <span class='ocrx_word' id='word_1_23' title='bbox 620 1122 854 1220; x_wconf 83' lang='lat' dir='ltr'><strong>Apostolicus,</strong></span> <span class='ocrx_word' id='word_1_24' title='bbox 873 1121 918 1196; x_wconf 92' lang='lat' dir='ltr'><strong>de</strong></span> <span class='ocrx_word' id='word_1_25' title='bbox 931 1146 1004 1218; x_wconf 94' lang='lat' dir='ltr'><strong>quo</strong></span> <span class='ocrx_word' id='word_1_26' title='bbox 1017 1147 1119 1220; x_wconf 83' lang='lat' dir='ltr'><strong>supra</strong></span> 
     </span>
     <span class='ocr_line' id='line_1_6' title="bbox 264 1235 1117 1327; baseline -0.002 -16"><span class='ocrx_word' id='word_1_27' title='bbox 264 1241 372 1313; x_wconf 85' lang='lat' dir='ltr'><strong>verba</strong></span> <span class='ocrx_word' id='word_1_28' title='bbox 381 1237 536 1326; x_wconf 83' lang='lat' dir='ltr'><strong>lecimus,</strong></span> <span class='ocrx_word' id='word_1_29' title='bbox 544 1235 701 1310; x_wconf 78' lang='lat' dir='ltr'><strong>Antonius</strong></span> <span class='ocrx_word' id='word_1_30' title='bbox 718 1237 859 1327; x_wconf 85' lang='lat' dir='ltr'><strong>miles‚²⁴</strong></span> <span class='ocrx_word' id='word_1_31' title='bbox 877 1236 973 1310; x_wconf 94' lang='lat' dir='ltr'><strong>cuius</strong></span> <span class='ocrx_word' id='word_1_32' title='bbox 991 1262 1117 1310; x_wconf 88' lang='lat' dir='ltr'><strong>nomen</strong></span> 
     </span>
     <span class='ocr_line' id='line_1_7' title="bbox 267 1351 1119 1450; baseline -0.004 -23"><span class='ocrx_word' id='word_1_33' title='bbox 267 1353 300 1427; x_wconf 94' lang='lat' dir='ltr'><strong>in</strong></span> <span class='ocrx_word' id='word_1_34' title='bbox 321 1353 441 1427; x_wconf 86' lang='lat' dir='ltr'><strong>litteris</strong></span> <span class='ocrx_word' id='word_1_35' title='bbox 462 1351 507 1426; x_wconf 84' lang='lat' dir='ltr'><strong>ad</strong></span> <span class='ocrx_word' id='word_1_36' title='bbox 520 1355 644 1426; x_wconf 81' lang='lat' dir='ltr'><strong>lsotum</strong></span> <span class='ocrx_word' id='word_1_37' title='bbox 658 1351 793 1450; x_wconf 84' lang='lat' dir='ltr'><strong>scriptis</strong></span> <span class='ocrx_word' id='word_1_38' title='bbox 807 1352 1006 1449; x_wconf 80' lang='lat' dir='ltr'><strong>frequenter</strong></span> <span class='ocrx_word' id='word_1_39' title='bbox 1024 1376 1119 1425; x_wconf 87' lang='lat' dir='ltr'><strong>usur·</strong></span> 
     </span>
     <span class='ocr_line' id='line_1_8' title="bbox 266 1467 1117 1568; baseline -0.002 -26"><span class='ocrx_word' id='word_1_40' title='bbox 266 1485 376 1568; x_wconf 73' lang='lat' dir='ltr'><strong>patus,</strong></span> <span class='ocrx_word' id='word_1_41' title='bbox 393 1467 647 1557; x_wconf 71' lang='lat' dir='ltr'><strong>Bartholomoeu,</strong></span> <span class='ocrx_word' id='word_1_42' title='bbox 666 1467 783 1541; x_wconf 84' lang='lat' dir='ltr'><strong>lacobi</strong></span> <span class='ocrx_word' id='word_1_43' title='bbox 802 1467 1117 1564; x_wconf 82' lang='lat' dir='ltr'><strong>Lavugnolaesena-</strong></span> 
     </span>
     <span class='ocr_line' id='line_1_9' title="bbox 266 1582 1119 1680; baseline -0.001 -23"><span class='ocrx_word' id='word_1_44' title='bbox 266 1584 349 1659; x_wconf 85' lang='lat' dir='ltr'><strong>toris</strong></span> <span class='ocrx_word' id='word_1_45' title='bbox 366 1583 624 1658; x_wconf 81' lang='lat' dir='ltr'><strong>celebratissimi</strong></span> <span class='ocrx_word' id='word_1_46' title='bbox 644 1607 739 1671; x_wconf 82' lang='lat' dir='ltr'><strong>uxor,</strong></span> <span class='ocrx_word' id='word_1_47' title='bbox 758 1582 908 1670; x_wconf 84' lang='lat' dir='ltr'><strong>lacobus,</strong></span> <span class='ocrx_word' id='word_1_48' title='bbox 923 1583 981 1680; x_wconf 93' lang='lat' dir='ltr'><strong>qui</strong></span> <span class='ocrx_word' id='word_1_49' title='bbox 1000 1599 1119 1657; x_wconf 82' lang='lat' dir='ltr'><strong>tenera</strong></span> 
     </span>
     <span class='ocr_line' id='line_1_10' title="bbox 265 1698 1117 1790; baseline -0.005 -15"><span class='ocrx_word' id='word_1_50' title='bbox 265 1716 370 1776; x_wconf 80' lang='lat' dir='ltr'><strong>aetete</strong></span> <span class='ocrx_word' id='word_1_51' title='bbox 388 1715 540 1774; x_wconf 83' lang='lat' dir='ltr'><strong>mortuus</strong></span> <span class='ocrx_word' id='word_1_52' title='bbox 548 1724 626 1774; x_wconf 90' lang='lat' dir='ltr'><strong>esse</strong></span> <span class='ocrx_word' id='word_1_53' title='bbox 643 1699 787 1790; x_wconf 86' lang='lat' dir='ltr'><strong>videtur,</strong></span> <span class='ocrx_word' id='word_1_54' title='bbox 801 1724 880 1773; x_wconf 93' lang='lat' dir='ltr'><strong>cum</strong></span> <span class='ocrx_word' id='word_1_55' title='bbox 899 1698 973 1773; x_wconf 89' lang='lat' dir='ltr'><strong>eius</strong></span> <span class='ocrx_word' id='word_1_56' title='bbox 990 1723 1117 1773; x_wconf 93' lang='lat' dir='ltr'><strong>nomen</strong></span> 
     </span>
     <span class='ocr_line' id='line_1_11' title="bbox 267 1815 1116 1914; baseline 0 -25"><span class='ocrx_word' id='word_1_57' title='bbox 267 1841 432 1914; x_wconf 83' lang='lat' dir='ltr'><strong>nusquam</strong></span> <span class='ocrx_word' id='word_1_58' title='bbox 468 1816 529 1890; x_wconf 91' lang='lat' dir='ltr'><strong>nisi</strong></span> <span class='ocrx_word' id='word_1_59' title='bbox 565 1816 598 1889; x_wconf 92' lang='lat' dir='ltr'><strong>in</strong></span> <span class='ocrx_word' id='word_1_60' title='bbox 633 1816 748 1889; x_wconf 81' lang='lat' dir='ltr'><strong>tabula</strong></span> <span class='ocrx_word' id='word_1_61' title='bbox 772 1815 1000 1913; x_wconf 80' lang='lat' dir='ltr'>genealogica</span> <span class='ocrx_word' id='word_1_62' title='bbox 1024 1815 1116 1913; x_wconf 84' lang='lat' dir='ltr'><strong>apud</strong></span> 
     </span>
     <span class='ocr_line' id='line_1_12' title="bbox 266 1930 1117 2029; baseline 0 -23"><span class='ocrx_word' id='word_1_63' title='bbox 266 1936 497 2007; x_wconf 82' lang='lat' dir='ltr'><strong>Turresanum</strong></span> <span class='ocrx_word' id='word_1_64' title='bbox 515 1933 657 2029; x_wconf 84' lang='lat' dir='ltr'><strong>legatur,</strong></span> <span class='ocrx_word' id='word_1_65' title='bbox 667 1930 861 2023; x_wconf 65' lang='lat' dir='ltr'><strong>ludovicus,</strong></span> <span class='ocrx_word' id='word_1_66' title='bbox 874 1940 900 1991; x_wconf 74' lang='lat'><strong>²⁵</strong></span> <span class='ocrx_word' id='word_1_67' title='bbox 920 1930 979 2028; x_wconf 92' lang='lat' dir='ltr'><strong>qui</strong></span> <span class='ocrx_word' id='word_1_68' title='bbox 993 1947 1029 2005; x_wconf 90' lang='lat' dir='ltr'><strong>et</strong></span> <span class='ocrx_word' id='word_1_69' title='bbox 1043 1931 1117 2029; x_wconf 90' lang='lat' dir='ltr'><strong>ipse</strong></span> 
     </span>
     <span class='ocr_line' id='line_1_13' title="bbox 265 2046 1115 2146; baseline 0.001 -26"><span class='ocrx_word' id='word_1_70' title='bbox 265 2047 390 2146; x_wconf 81' lang='lat' dir='ltr'><strong>primas</strong></span> <span class='ocrx_word' id='word_1_71' title='bbox 416 2047 449 2120; x_wconf 95' lang='lat' dir='ltr'><strong>in</strong></span> <span class='ocrx_word' id='word_1_72' title='bbox 479 2046 744 2122; x_wconf 78' lang='lat' dir='ltr'><strong>administranda</strong></span> <span class='ocrx_word' id='word_1_73' title='bbox 770 2073 807 2121; x_wconf 86' lang='lat' dir='ltr'><strong>re</strong></span> <span class='ocrx_word' id='word_1_74' title='bbox 834 2047 971 2145; x_wconf 85' lang='lat' dir='ltr'><strong>publica</strong></span> <span class='ocrx_word' id='word_1_75' title='bbox 999 2047 1115 2145; x_wconf 82' lang='lat' dir='ltr'><strong>gessit,</strong></span> 
     </span>
     <span class='ocr_line' id='line_1_14' title="bbox 265 2162 1115 2261; baseline -0.001 -25"><span class='ocrx_word' id='word_1_76' title='bbox 265 2162 419 2254; x_wconf 78' lang='lat' dir='ltr'><strong>isabella,</strong></span> <span class='ocrx_word' id='word_1_77' title='bbox 446 2163 590 2261; x_wconf 86' lang='lat' dir='ltr'><strong>primum</strong></span> <span class='ocrx_word' id='word_1_78' title='bbox 610 2163 786 2237; x_wconf 85' lang='lat' dir='ltr'><strong>Francisci</strong></span> <span class='ocrx_word' id='word_1_79' title='bbox 806 2162 1022 2253; x_wconf 83' lang='lat' dir='ltr'><strong>Fracastorii,</strong></span> <span class='ocrx_word' id='word_1_80' title='bbox 1046 2179 1115 2236; x_wconf 90' lang='lat' dir='ltr'><strong>tum</strong></span> 
     </span>
     <span class='ocr_line' id='line_1_15' title="bbox 266 2278 1116 2370; baseline 0.001 -18"><span class='ocrx_word' id='word_1_81' title='bbox 266 2279 401 2354; x_wconf 82' lang='lat' dir='ltr'><strong>loannis</strong></span> <span class='ocrx_word' id='word_1_82' title='bbox 430 2278 477 2352; x_wconf 89' lang='lat' dir='ltr'><strong>de</strong></span> <span class='ocrx_word' id='word_1_83' title='bbox 507 2281 628 2353; x_wconf 91' lang='lat' dir='ltr'><strong>Musto</strong></span> <span class='ocrx_word' id='word_1_84' title='bbox 662 2304 759 2370; x_wconf 86' lang='lat' dir='ltr'>uxor,</span> <span class='ocrx_word' id='word_1_85' title='bbox 794 2283 968 2370; x_wconf 77' lang='lat' dir='ltr'><strong>Zenevero,</strong></span> <span class='ocrx_word' id='word_1_86' title='bbox 998 2279 1116 2354; x_wconf 88' lang='lat' dir='ltr'><strong>litteris</strong></span> 
     </span>
     <span class='ocr_line' id='line_1_16' title="bbox 264 2394 1112 2488; baseline 0.001 -20"><span class='ocrx_word' id='word_1_87' title='bbox 264 2394 461 2483; x_wconf 82' lang='lat' dir='ltr'><strong>clarissime,</strong></span> <span class='ocrx_word' id='word_1_88' title='bbox 489 2394 645 2468; x_wconf 85' lang='lat' dir='ltr'><strong>Brunorii</strong></span> <span class='ocrx_word' id='word_1_89' title='bbox 678 2396 865 2469; x_wconf 85' lang='lat' dir='ltr'><strong>Gambarae</strong></span> <span class='ocrx_word' id='word_1_90' title='bbox 896 2421 992 2486; x_wconf 85' lang='lat' dir='ltr'>uxor,</span> <span class='ocrx_word' id='word_1_91' title='bbox 1010 2398 1112 2488; x_wconf 86' lang='lat' dir='ltr'><strong>lsola,</strong></span> 
     </span>
     <span class='ocr_line' id='line_1_17' title="bbox 263 2508 1117 2609; baseline 0.002 -26"><span class='ocrx_word' id='word_1_92' title='bbox 263 2508 482 2601; x_wconf 67' lang='lat' dir='ltr'><strong>Samonium,</strong></span> <span class='ocrx_word' id='word_1_93' title='bbox 503 2508 655 2608; x_wconf 87' lang='lat' dir='ltr'><strong>denique</strong></span> <span class='ocrx_word' id='word_1_94' title='bbox 672 2514 794 2600; x_wconf 77' lang='lat' dir='ltr'><strong>Laura,</strong></span> <span class='ocrx_word' id='word_1_95' title='bbox 813 2511 910 2585; x_wconf 89' lang='lat' dir='ltr'><strong>cuius</strong></span> <span class='ocrx_word' id='word_1_96' title='bbox 932 2511 996 2585; x_wconf 82' lang='lat' dir='ltr'><strong>ium</strong></span> <span class='ocrx_word' id='word_1_97' title='bbox 1014 2536 1117 2609; x_wconf 84' lang='lat' dir='ltr'><strong>supra</strong></span> 
     </span>
     <span class='ocr_line' id='line_1_18' title="bbox 265 2625 889 2700; baseline 0 -2"><span class='ocrx_word' id='word_1_98' title='bbox 265 2625 488 2700; x_wconf 84' lang='lat' dir='ltr'><strong>honorificem</strong></span> <span class='ocrx_word' id='word_1_99' title='bbox 507 2625 716 2700; x_wconf 89' lang='lat' dir='ltr'><strong>mentionem</strong></span> <span class='ocrx_word' id='word_1_100' title='bbox 736 2625 889 2700; x_wconf 82' lang='lat' dir='ltr'><strong>fecimus.</strong></span> 
     </span>
    </p>

    <p class='ocr_par' dir='ltr' id='par_1_3' title="bbox 263 2741 1116 3629">
     <span class='ocr_line' id='line_1_19' title="bbox 314 2741 1115 2840; baseline 0.002 -26"><span class='ocrx_word' id='word_1_101' title='bbox 314 2743 393 2814; x_wconf 85' lang='lat' dir='ltr'><strong>Erat</strong></span> <span class='ocrx_word' id='word_1_102' title='bbox 410 2765 505 2832; x_wconf 82' lang='lat' dir='ltr'><strong>sane,</strong></span> <span class='ocrx_word' id='word_1_103' title='bbox 523 2741 619 2839; x_wconf 94' lang='lat' dir='ltr'><strong>quod</strong></span> <span class='ocrx_word' id='word_1_104' title='bbox 638 2759 746 2816; x_wconf 82' lang='lat' dir='ltr'><strong>mater</strong></span> <span class='ocrx_word' id='word_1_105' title='bbox 763 2766 887 2839; x_wconf 83' lang='lat' dir='ltr'><strong>magna</strong></span> <span class='ocrx_word' id='word_1_106' title='bbox 908 2742 1115 2840; x_wconf 84' lang='lat' dir='ltr'><strong>praestantis-</strong></span> 
     </span>
     <span class='ocr_line' id='line_1_20' title="bbox 263 2856 1116 2956; baseline 0.005 -27"><span class='ocrx_word' id='word_1_107' title='bbox 263 2856 424 2931; x_wconf 87' lang='lat' dir='ltr'><strong>simorum</strong></span> <span class='ocrx_word' id='word_1_108' title='bbox 451 2857 634 2932; x_wconf 85' lang='lat' dir='ltr'><strong>liberorum</strong></span> <span class='ocrx_word' id='word_1_109' title='bbox 661 2857 766 2954; x_wconf 86' lang='lat' dir='ltr'><strong>copia</strong></span> <span class='ocrx_word' id='word_1_110' title='bbox 789 2858 1001 2955; x_wconf 82' lang='lat' dir='ltr'><strong>gloriaretur,</strong></span> <span class='ocrx_word' id='word_1_111' title='bbox 1028 2883 1116 2956; x_wconf 91' lang='lat' dir='ltr'><strong>quo-</strong></span> 
     </span>
     <span class='ocr_line' id='line_1_21' title="bbox 264 2971 1114 3071; baseline 0.002 -27"><span class='ocrx_word' id='word_1_112' title='bbox 264 2996 336 3044; x_wconf 86' lang='lat' dir='ltr'><strong>rum</strong></span> <span class='ocrx_word' id='word_1_113' title='bbox 362 2971 503 3046; x_wconf 87' lang='lat' dir='ltr'><strong>virtutes</strong></span> <span class='ocrx_word' id='word_1_114' title='bbox 520 2996 564 3046; x_wconf 83' lang='lat' dir='ltr'><strong>ex</strong></span> <span class='ocrx_word' id='word_1_115' title='bbox 581 2972 643 3062; x_wconf 86' lang='lat' dir='ltr'><strong>eis,</strong></span> <span class='ocrx_word' id='word_1_116' title='bbox 657 2998 738 3070; x_wconf 83' lang='lat' dir='ltr'><strong>quoe</strong></span> <span class='ocrx_word' id='word_1_117' title='bbox 750 2997 853 3069; x_wconf 83' lang='lat' dir='ltr'><strong>supra</strong></span> <span class='ocrx_word' id='word_1_118' title='bbox 866 2973 1114 3071; x_wconf 87' lang='lat' dir='ltr'><strong>congessimus,</strong></span> 
     </span>
     <span class='ocr_line' id='line_1_22' title="bbox 263 3087 1114 3187; baseline 0.002 -26"><span class='ocrx_word' id='word_1_119' title='bbox 263 3087 345 3161; x_wconf 82' lang='lat' dir='ltr'><strong>satis</strong></span> <span class='ocrx_word' id='word_1_120' title='bbox 373 3090 468 3162; x_wconf 83' lang='lat' dir='ltr'><strong>clare</strong></span> <span class='ocrx_word' id='word_1_121' title='bbox 498 3090 647 3176; x_wconf 89' lang='lat' dir='ltr'><strong>elucent,</strong></span> <span class='ocrx_word' id='word_1_122' title='bbox 678 3088 740 3162; x_wconf 88' lang='lat' dir='ltr'><strong>nisi</strong></span> <span class='ocrx_word' id='word_1_123' title='bbox 771 3088 866 3187; x_wconf 92' lang='lat' dir='ltr'><strong>quod</strong></span> <span class='ocrx_word' id='word_1_124' title='bbox 893 3088 974 3161; x_wconf 84' lang='lat' dir='ltr'><strong>nihil</strong></span> <span class='ocrx_word' id='word_1_125' title='bbox 1000 3088 1114 3163; x_wconf 85' lang='lat' dir='ltr'><strong>adhuc</strong></span> 
     </span>
     <span class='ocr_line' id='line_1_23' title="bbox 264 3200 1115 3300; baseline 0.004 -26"><span class='ocrx_word' id='word_1_126' title='bbox 264 3200 344 3276; x_wconf 79' lang='lat' dir='ltr'><strong>datu</strong></span> <span class='ocrx_word' id='word_1_127' title='bbox 360 3227 469 3300; x_wconf 83' lang='lat' dir='ltr'>opera</span> <span class='ocrx_word' id='word_1_128' title='bbox 486 3202 531 3276; x_wconf 90' lang='lat' dir='ltr'><strong>de</strong></span> <span class='ocrx_word' id='word_1_129' title='bbox 549 3202 684 3276; x_wconf 94' lang='lat' dir='ltr'><strong>duobus</strong></span> <span class='ocrx_word' id='word_1_130' title='bbox 704 3205 893 3300; x_wconf 84' lang='lat' dir='ltr'><strong>Nogarolae</strong></span> <span class='ocrx_word' id='word_1_131' title='bbox 912 3204 1047 3278; x_wconf 83' lang='lat' dir='ltr'><strong>familiae</strong></span> <span class='ocrx_word' id='word_1_132' title='bbox 1065 3207 1115 3277; x_wconf 94' lang='lat' dir='ltr'><strong>lu-</strong></span> 
     </span>
     <span class='ocr_line' id='line_1_24' title="bbox 264 3317 1113 3406; baseline 0.004 -16"><span class='ocrx_word' id='word_1_133' title='bbox 264 3317 420 3406; x_wconf 82' lang='lat' dir='ltr'><strong>minibus,</strong></span> <span class='ocrx_word' id='word_1_134' title='bbox 448 3318 493 3392; x_wconf 94' lang='lat' dir='ltr'><strong>de</strong></span> <span class='ocrx_word' id='word_1_135' title='bbox 523 3321 702 3393; x_wconf 84' lang='lat' dir='ltr'><strong>Zenevera</strong></span> <span class='ocrx_word' id='word_1_136' title='bbox 724 3337 760 3393; x_wconf 88' lang='lat' dir='ltr'><strong>et</strong></span> <span class='ocrx_word' id='word_1_137' title='bbox 786 3321 913 3393; x_wconf 81' lang='lat' dir='ltr'><strong>lsotu²⁶</strong></span> <span class='ocrx_word' id='word_1_138' title='bbox 939 3321 1113 3395; x_wconf 83' lang='lat' dir='ltr'><strong>sororibus</strong></span> 
     </span>
     <span class='ocr_line' id='line_1_25' title="bbox 264 3434 1113 3534; baseline 0.005 -28"><span class='ocrx_word' id='word_1_139' title='bbox 264 3434 370 3507; x_wconf 89' lang='lat' dir='ltr'><strong>locuti</strong></span> <span class='ocrx_word' id='word_1_140' title='bbox 391 3459 517 3524; x_wconf 88' lang='lat' dir='ltr'><strong>sumus,</strong></span> <span class='ocrx_word' id='word_1_141' title='bbox 536 3435 660 3533; x_wconf 92' lang='lat' dir='ltr'><strong>quibus</strong></span> <span class='ocrx_word' id='word_1_142' title='bbox 678 3436 818 3509; x_wconf 87' lang='lat' dir='ltr'><strong>honoris</strong></span> <span class='ocrx_word' id='word_1_143' title='bbox 835 3460 940 3510; x_wconf 83' lang='lat' dir='ltr'><strong>causa</strong></span> <span class='ocrx_word' id='word_1_144' title='bbox 958 3463 1026 3510; x_wconf 94' lang='lat' dir='ltr'><strong>non</strong></span> <span class='ocrx_word' id='word_1_145' title='bbox 1046 3438 1113 3534; x_wconf 84' lang='lat' dir='ltr'><strong>pri·</strong></span> 
     </span>
     <span class='ocr_line' id='line_1_26' title="bbox 264 3547 1113 3629; baseline 0.008 -9"><span class='ocrx_word' id='word_1_146' title='bbox 264 3574 353 3622; x_wconf 91' lang='lat' dir='ltr'><strong>mum</strong></span> <span class='ocrx_word' id='word_1_147' title='bbox 380 3547 444 3625; x_wconf 89' lang='lat' dir='ltr'><strong>sed</strong></span> <span class='ocrx_word' id='word_1_148' title='bbox 470 3549 620 3624; x_wconf 89' lang='lat' dir='ltr'><strong>ultimum</strong></span> <span class='ocrx_word' id='word_1_149' title='bbox 643 3552 757 3627; x_wconf 92' lang='lat' dir='ltr'><strong>locum</strong></span> <span class='ocrx_word' id='word_1_150' title='bbox 775 3551 1017 3628; x_wconf 85' lang='lat' dir='ltr'><strong>reservandum</strong></span> <span class='ocrx_word' id='word_1_151' title='bbox 1035 3577 1113 3629; x_wconf 87' lang='lat' dir='ltr'><strong>esse</strong></span> 
     </span>
    </p>
   </div>
   <div class='ocr_carea' id='block_1_3' title="bbox 0 0 1430 4694">
    <p class='ocr_par' dir='ltr' id='par_1_4' title="bbox 0 0 1430 4694">
     <span class='ocr_line' id='line_1_27' title="bbox 0 0 1430 4694; baseline 0 2"><span class='ocrx_word' id='word_1_152' title='bbox 0 0 1430 4694; x_wconf 95' lang='lat' dir='ltr'><strong> </strong></span> 
     </span>
    </p>
   </div>
  </div>
 </body>
</html>
