2850 4694
724 587 759 655 50

315 759 491 842 potantem
519 745 616 819 fonte
642 744 729 819 inter
755 767 888 843 paucos
912 741 1102 841 discipulos
1119 741 1165 817 de

313 876 443 950 natura,
453 859 499 935 de
516 859 679 950 moribus,
689 860 734 934 de
751 857 900 934 siderum
918 882 1018 934 cursu
1031 857 1166 933 audiret

313 973 511 1049 docentem.
546 974 630 1049 lnde
665 999 728 1074 per
753 974 924 1065 Eiamitos‚
952 972 1163 1063 Babilonios,

313 1089 481 1182 Culdeos,
505 1088 647 1181 Medos,
672 1090 840 1190 Assyrios,
863 1091 1022 1180 Parthos,
1038 1087 1166 1164 Pheni-

288 1230 385 1298 scus,
414 1208 586 1298 Herebus,
614 1205 808 1281 Palestinos
834 1230 988 1281 reversus
1016 1207 1166 1280 Alexan·

313 1319 421 1396 drium
447 1322 599 1422 perrexit
624 1321 830 1420 Ethiopian,
856 1337 893 1395 ut
920 1321 1165 1421 gymnosophi-

312 1454 382 1513 stas
407 1455 443 1512 et
468 1437 727 1514 famosissimam
745 1437 834 1512 Solis
860 1460 1012 1512 mensum
1033 1436 1167 1511 videret

313 1552 346 1627 in
364 1555 495 1628 sabulo
514 1553 646 1628 Invenit
662 1553 719 1628 ille
735 1553 785 1626 vir
802 1553 930 1651 ubique
943 1552 1039 1650 quod
1053 1552 1166 1627 disce-

313 1684 366 1745 ret
398 1686 435 1744 et
462 1694 600 1767 semper
625 1668 851 1768 proficiscens
878 1692 1017 1768 semper
1046 1667 1167 1743 melior

272 1817 301 1855 ιο
314 1785 422 1859 fieret.
442 1785 578 1860 Omnes
595 1785 686 1859 enim
704 1784 878 1877 trahimur,
896 1801 932 1860 ut
949 1784 1080 1859 Cicero
1094 1808 1166 1858 me·

313 1899 419 1992 minit,
433 1898 479 1975 sd
492 1899 700 2000 cognitionis
712 1917 749 1975 et
761 1900 917 1977 scientiae
930 1899 1165 2000 cupiditatem,

314 2015 346 2088 in
377 2040 446 2113 qua
476 2018 650 2091 excellere
680 2019 861 2117 pulchrum
894 2033 1063 2116 putamus,
1097 2015 1165 2089 labi

312 2148 439 2223 sutem,
449 2158 564 2208 errore
581 2148 618 2207 et
631 2133 778 2225 nescire,
792 2133 920 2232 decipi,
934 2151 971 2207 et
987 2133 1112 2207 malum
1129 2148 1166 2205 et

313 2264 412 2347 turpe
446 2248 600 2325 dicimus.
644 2253 806 2325 Socrates
840 2250 972 2325 ultimus
1005 2247 1165 2348 regiones

360 2425 394 2488 (ι)
411 2424 482 2475 fonte
496 2434 628 2489 potentem
639 2428 694 2486 ΗΡ,
712 2434 868 2491 potestetem
884 2426 955 2476 fonte
976 2427 1004 2475 V.
1038 2424 1072 2488 (2)
1089 2423 1165 2488 eyde·

313 2518 369 2555 rum
385 2506 415 2556 G
457 2507 567 2556 cuderet
585 2509 613 2556 V.
647 2507 682 2571 (3)
698 2507 827 2557 dicentem
844 2509 877 2558 G.
911 2506 982 2556 idem
997 2508 1023 2556 Ρ.
1055 2519 1105 2569 per
1121 2507 1164 2555 cii·

311 2585 399 2635 vinea
413 2587 447 2644 G,
466 2600 515 2649 per
530 2587 673 2637 cievincens
690 2588 728 2646 Μ,
744 2589 905 2650 ροκίιωὶω
912 2589 964 2637 PV.
987 2587 1121 2636 bubliones
1129 2587 1162 2644 G.

312 2665 464 2729 bubyionios
480 2669 515 2727 Η,
533 2667 675 2718 bebiiomus
691 2669 729 2727 Μ,
748 2668 875 2718 bebiionis
888 2669 915 2718 Ρ.
950 2667 984 2731 (4)
1001 2666 1162 2725 cheideosF,

312 2745 417 2796 csidees
431 2747 469 2797 Μ.
503 2748 584 2797 uiros
603 2748 634 2807 C,
667 2748 765 2811 uyrios
780 2748 808 2807 Ρ,
826 2749 931 2798 assirius
946 2749 1009 2807 GM,
1028 2746 1119 2796 usirios
1134 2748 1162 2794 V.

312 2833 400 2890 partos
425 2826 455 2878 C.
497 2829 602 2891 purtim
623 2841 696 2891 syros
713 2829 739 2877 Ρ.
773 2827 869 2878 senices
891 2827 945 2888 CV,
969 2827 1082 2876 ienichus
1097 2826 1162 2886 GM,

313 2905 437 2957 remma
472 2906 507 2969 tri
525 2907 618 2957 nemu
630 2908 663 2967 c,
688 2908 836 2958 nemean
870 2908 1009 2958 venereo.
1043 2907 1163 2965 urm,

311 2986 344 3035 ud
369 2988 433 3036 ulex.
455 2988 482 3037 P.
524 2985 559 3052 (6)
581 2989 682 3052 perexit
699 2987 753 3038 CV.
788 2988 1001 3052 gumosophystus
1017 2986 1048 3046 C,
1067 3001 1165 3050 gunno-

311 3067 439 3129 sophistes
456 3069 489 3128 G,
514 3069 670 3132 ginophistus
693 3069 720 3129 Ρ,
755 3069 914 3132 gimnosoph.
941 3069 969 3117 V.
1011 3067 1043 3130 (7.
1062 3065 1087 3130 Β)
1104 3067 1161 3116 iurn.

313 3147 379 3196 iovis
395 3150 476 3198 sulem
493 3148 535 3197 iiie
549 3148 650 3198 videret
667 3149 691 3197 in
702 3148 843 3199 subulco
877 3147 1012 3212 (diabulo
1027 3160 1056 3197 ex
1071 3147 1164 3197 zabolo

310 3226 379 3291 (corr.
397 3243 428 3278 rm
448 3228 472 3291 ι)
488 3230 522 3290 G,
538 3229 645 3279 sebuion
663 3229 701 3279 Μ.
736 3231 789 3279 uilo
805 3229 843 3278 vir
857 3229 884 3278 F.
919 3229 952 3291 (Β.
968 3228 992 3291 9)
1010 3227 1072 3290 quid
1097 3226 1161 3277 disc

312 3316 339 3359 et
365 3322 387 3358 s.
412 3322 452 3372 pr.
477 3317 504 3359 ut
525 3323 546 3359 s.
572 3323 605 3358 m.
625 3311 653 3359 Ρ.
695 3308 729 3373 (9)
752 3310 902 3372 proiicisens
930 3310 958 3357 V.
1004 3307 1052 3371 (ιο)
1077 3315 1162 3357 eutem

312 3396 343 3437 tr.
357 3390 392 3439 Η.
423 3402 498 3439 mem.
524 3390 588 3439 truh.
613 3391 641 3439 V.
676 3387 726 3454 (rr)
742 3389 903 3454 cogitationis
920 3391 955 3440 H.
989 3387 1115 3451 sapientie
1132 3386 1160 3436 Ρ.

311 3466 362 3532 (η)
389 3470 506 3531 pulcrum
533 3469 649 3520 CGHM.
694 3466 744 3533 (13)
770 3468 856 3533 decipi
880 3482 926 3521 om.
946 3470 981 3519 Η.
1021 3465 1071 3532 (ι4)
1087 3467 1161 3518 Socr.

312 3560 419 3610 quoque
436 3551 480 3600 uit.
500 3551 534 3609 Η,
550 3549 623 3603 Socr.
639 3549 671 3604 ud
689 3552 733 3601 uit.
750 3551 777 3602 Ρ.
