2850 4694
717 601 769 666 ¹52

311 779 427 828 aurum
463 755 668 830 habentibus
708 754 875 830 dominari
909 780 1012 852 quam
1046 781 1166 830 aurum

311 871 451 944 habere.
477 869 579 945 Adeo
605 869 695 944 enim
722 895 786 968 per
810 894 932 945 omnes
956 870 1068 946 aetatis
1087 895 1167 969 gra-

312 985 376 1060 dus
393 984 515 1077 vixisti,
534 1003 571 1060 ut
595 985 895 1083 quotienscunque
912 1003 982 1060 tuae
999 1004 1167 1083 praesten·

311 1101 369 1176 tiae
388 1100 552 1176 memoria
581 1101 757 1200 repetitur,
783 1101 979 1176 veneranda
1004 1101 1166 1199 quaedanr

285 1215 441 1297 §virtutis
468 1217 582 1315 imago
607 1216 762 1292 humanis
792 1217 962 1291 mentibus
991 1216 1164 1292 offeratur.

311 1332 521 1408 Xenocratis
546 1331 662 1408 inclita
691 1332 725 1406 in
754 1332 878 1407 virtute
900 1331 1048 1430 dignitas
1072 1332 1166 1407 udeo

311 1473 374 1547 per
399 1474 462 1524 ora
487 1447 678 1523 mortalium
703 1448 955 1539 celebrabatur,
983 1465 1018 1521 ut
1043 1449 1167 1523 nullius

310 1564 459 1638 animum
494 1579 588 1637 tanta
622 1562 788 1660 potentia,
824 1579 917 1636 tanta
950 1561 1166 1653 crudelitate,

312 1697 408 1756 tanto
426 1679 541 1753 surore
568 1696 686 1753 natura
711 1678 876 1752 imbutum
893 1703 971 1754 esse
992 1678 1167 1754 existina-

270 1820 300 1858 ιο
312 1811 399 1885 rent,
412 1819 517 1892 quem
530 1797 585 1868 vel
602 1796 677 1869 sola
691 1793 902 1869 Xenocratis
915 1794 1167 1893 contemplatio

312 1909 357 1984 ad
375 1935 454 1984 eum
471 1909 657 1985 colendum
678 1909 981 2007 venerandumque
1000 1935 1069 1983 non
1086 1934 1167 2008 per·

313 2043 478 2101 moveret.
499 2025 595 2101 Nihil
604 2026 717 2101 dicam
727 2029 797 2101 hoc
813 2028 907 2118 loco,
925 2044 1054 2124 quanta
1070 2050 1166 2116 cura,

313 2141 440 2230 studio,
482 2143 613 2233 labore,
648 2141 825 2239 diligentia
866 2141 1087 2233 insudaveris,
1132 2160 1168 2216 ut

317 2256 477 2332 llussitas
502 2257 578 2331 illos
595 2256 640 2332 ad
665 2274 819 2332 sanctam
848 2255 953 2331 fidem
982 2275 1019 2331 et
1047 2281 1166 2330 verum

271 2395 297 2448 ιι
314 2372 372 2449 dei
402 2375 529 2447 cultum
564 2397 766 2463 revocares,
796 2372 973 2469 adquam
1004 2371 1167 2469 prolecto

313 2513 386 2565 rem
416 2487 663 2586 perficiendam
693 2487 755 2563 nisi
785 2486 961 2563 immensae
986 2487 1168 2584 sapienties

360 2754 396 2819 (ι)
411 2754 502 2805 donari
522 2755 550 2804 V.
591 2755 625 2819 (ι)
648 2755 730 2804 omnis
755 2755 788 2804 G.
816 2753 960 2803 atatisonn
979 2752 1008 2802 F.
1041 2751 1076 2816 (ι)
1091 2760 1119 2802 et
1135 2755 1165 2802 Α.

314 2835 529 2896 quotiescumque
554 2834 581 2883 F.
632 2833 664 2895 (ι.
691 2835 714 2897 4)
739 2841 783 2882 tue
809 2831 932 2881 memorie
964 2830 1105 2894 prestantia
1130 2832 1165 2881 G.

315 2913 350 2978 (4)
366 2915 461 2976 repetit
477 2914 507 2964 G
548 2912 582 2977 (ς)
606 2927 697 2977 ymago
719 2912 828 2963 cmm.
863 2912 972 2962 offertur
988 2912 1021 2961 G.
1045 2911 1169 2961 tueretur

315 2995 442 3044 mentibus
458 2994 487 3044 F.
520 2992 555 3057 (ὁ)
572 2994 737 3043 xenocrates
753 2992 781 3042 f.
815 2992 914 3041 virtutis
934 2992 961 3040 V.
995 2990 1030 3055 (7)
1048 2990 1168 3040 celebre-

315 3073 390 3123 betur
404 3075 442 3125 Μ.
476 3072 615 3134 nullumF,
635 3074 718 3122 nullus
733 3073 761 3120 V.
795 3070 1033 3136 (8)οιοάυ1ἰιιιε1·ἶ
1067 3068 1165 3134 (anet.

313 3168 360 3204 orn
379 3154 407 3204 F.
441 3167 501 3204 esse
516 3168 563 3203 ont.
582 3155 616 3204 G.
649 3153 682 3216 (9.
699 3156 735 3217 ιο)
748 3153 952 3202 existimentAF.
986 3152 1036 3215 (ιο)
1047 3151 1164 3212 quumC

315 3233 519 3299 (rrlcollendum
534 3235 586 3283 AC.
620 3233 794 3284 venerandum
804 3236 833 3282 Α.
867 3232 900 3282 ed
917 3245 976 3281 eum
993 3231 1167 3281 extollendum

315 3314 505 3374 colendumque
522 3327 572 3362 non
589 3313 617 3362 F.
651 3313 700 3374 (ιι.
713 3315 750 3376 ιι)
762 3320 928 3374 promoveret
941 3311 1025 3362 CGM
1035 3313 1165 3374 paucum,

315 3395 444 3457 promovit
460 3395 489 3443 F.
539 3393 589 3458 (ιι)
611 3393 654 3444 dil.
682 3393 818 3442 nisidueris
841 3393 870 3442 F.
912 3391 962 3456 (ιι)
986 3392 1065 3442 usim
1087 3391 1164 3451 Act,

317 3475 429 3523 huuronii
454 3474 482 3523 12.
523 3471 573 3538 (ro)
588 3471 771 3534 proficiendum
794 3471 825 3531 C,
850 3470 1034 3534 pemciundem
1054 3472 1080 3519 V.
1115 3484 1168 3519 nm-

315 3567 386 3602 ene·
401 3553 474 3603 m.
