2850 4694
516 591 555 670 ⁶7

107 783 250 855 quoque
280 785 345 850 res,
374 779 408 835 ut
434 763 504 836 hoc
530 761 562 834 in
589 763 671 836 loco
696 761 885 836 absentiam
913 761 959 834 tui

106 874 298 972 deplorem,
318 875 350 949 ni
369 878 447 952 haec
465 902 519 950 res
536 902 558 951 a
575 903 630 951 me
648 878 760 951 aliena
775 875 957 952 videretur.

107 992 224 1081 Pater,
242 1018 265 1065 o
291 992 464 1067 hominum
495 992 680 1091 divumque
704 1009 835 1067 aeterna
860 1010 960 1090 pote

105 1109 192 1181 stas!
223 1109 385 1204 Namque
410 1108 501 1183 aliud
528 1108 612 1206 quid
629 1126 682 1183 est
699 1106 795 1206 quod
814 1107 878 1180 iam
898 1107 959 1180 im·

105 1223 243 1318 plorare
269 1229 459 1320 queamus?
486 1225 577 1325 Quis
599 1223 696 1313 deus,
714 1249 737 1296 o
756 1223 860 1311 cives,
879 1247 959 1320 quae
992 1247 1001 1299 t

105 1360 167 1411 vos
197 1338 372 1413 dementia
395 1339 523 1438 adegit,
555 1356 590 1413 ut
616 1341 707 1413 hunc
732 1339 837 1412 virum
873 1355 959 1412 tam-

105 1476 208 1549 quam
235 1453 383 1528 divinum
411 1480 531 1529 munus
556 1481 600 1529 ex
622 1457 692 1529 alto
710 1454 888 1529 domicilio
913 1453 957 1527 ad

105 1593 168 1642 nos
186 1569 370 1645 demissum
390 1595 467 1644 cum
487 1570 634 1668 quadam
648 1569 870 1645 veneratione
889 1596 957 1643 non

104 1683 278 1758 retineatis
312 1710 355 1759 ae
387 1710 478 1777 eum,
498 1704 533 1760 ut
561 1712 700 1784 aequum
734 1702 797 1776 est,
823 1711 957 1760 summo

105 1802 238 1874 honore
261 1827 329 1875 non
355 1803 502 1876 colatis?
533 1803 693 1900 Legimus
722 1802 826 1893 enim,
857 1819 892 1875 ut
922 1818 957 1876 te
974 1824 1003 1860 ¹0

103 1934 247 1990 auctore
274 1935 358 2008 utar,
378 1945 446 1993 non
469 1943 600 2017 paucos
619 1920 779 1993 mortales
797 1934 864 1992 tam
883 1920 957 1991 lon·

101 2032 154 2128 gis
197 2050 360 2107 terrarum
406 2034 576 2132 marisque
611 2034 775 2109 tractibus
809 2057 955 2130 pascen-

102 2147 224 2221 dorum
251 2151 430 2223 oculorum
462 2150 662 2248 auriumque
696 2166 732 2223 et
765 2149 953 2223 animorum

101 2263 211 2360 gratia
227 2264 271 2337 ad
291 2265 455 2364 Olympia
480 2265 625 2352 venisse,
644 2265 754 2337 omnis
771 2264 954 2361 voluptatis

102 2378 230 2451 oblitos
259 2380 438 2452 Platonem
456 2378 593 2469 adiisse,
615 2380 794 2452 Platonem
821 2378 954 2467 intueri,
973 2399 997 2449 15

102 2492 135 2566 in
180 2495 326 2568 Platone
370 2495 513 2592 perinde
558 2519 601 2567 ae
648 2495 681 2567 in
719 2494 953 2569 amoenissimo

149 2841 182 2903 (r)
201 2842 336 2891 hocomm.
355 2841 405 2891 Cl..
442 2842 465 2890 in
482 2842 532 2892 hoc
548 2845 563 2890 l.
582 2843 614 2891 R.
645 2841 822 2890 abunduntiam
839 2850 906 2890 tuum
923 2841 951 2891 F.

101 2920 136 2983 (ι)
148 2922 194 2971 nisi
211 2922 237 2970 P.
273 2920 454 2983 (alpatereG
488 2921 691 2983 divinumqueF,
710 2921 795 2970 divum
813 2922 843 2969 R.
878 2929 954 2970 oter-

102 3015 185 3063 mque
203 3003 234 3050 R.
270 3001 304 3065 (4)
330 3003 394 3050 Nam
412 3002 442 3051 C.
486 3001 520 3065 (ς)
545 3001 615 3064 Quid
636 3003 664 3048 V.
699 2999 733 3062 (6)
758 3000 829 3063 degit
846 3002 872 3048 L.
916 3000 951 3061 ut]

102 3095 135 3130 ue
160 3083 187 3129 V.
231 3083 298 3131 hunc
322 3090 349 3129 ut
372 3082 400 3129 F.
443 3080 477 3144 (7)
502 3081 589 3130 diuum
628 3081 709 3129 minus
726 3082 753 3129 L.
797 3080 837 3140 ex]
861 3082 901 3128 vel
919 3081 950 3128 R.

101 3160 136 3222 (8)
147 3175 194 3211 vos
211 3162 261 3211 cP.
296 3161 426 3210 dimissum
437 3163 464 3210 L.
498 3160 652 3222 quudemP.
682 3175 739 3209 ven.
753 3173 850 3208 summa
861 3173 910 3207 non
922 3161 950 3208 L.

101 3241 136 3305 (9)
162 3243 301 3290 retineatur
330 3242 357 3290 F.
413 3254 444 3290 ac
471 3254 528 3290 cum
557 3248 583 3289 ut
612 3242 639 3288 V.
697 3238 747 3302 (ιο)
773 3239 871 3288 collatis
898 3240 950 3287 LR.

100 3319 150 3384 (rr)
160 3320 309 3370 tractatibus
318 3321 388 3370 CFP.
422 3319 472 3384 (13)
485 3322 568 3369 occul.
582 3322 609 3369 L.
627 3333 770 3381 aurumque
786 3321 814 3367 V.
849 3318 898 3380 (14)
909 3333 953 3367 ve·

101 3400 168 3449 nisse
192 3401 226 3450 ad
251 3401 370 3464 Olympia
392 3402 419 3449 l..
463 3400 576 3462 Olimpiu
599 3401 654 3449 CR.
697 3399 747 3463 (ις)
773 3400 837 3448 Plat.
858 3398 952 3447 adiisse

99 3494 171 3530 onum.
189 3481 268 3531 GRV.
303 3479 544 3544 (rolimpletoneC,
563 3480 586 3528 in
601 3482 730 3544 plutonem
747 3481 773 3528 Ρ.
800 3477 949 3541 proindeC,

99 3573 146 3610 om.
166 3562 197 3610 R.
232 3561 256 3610 in
272 3574 343 3611 amun.
362 3558 437 3612 CLV.

818 3666 844 3732 5.
