2850 4694
665 581 718 639 ²4¹

264 761 341 809 esse
360 735 450 808 duxi.
471 735 603 832 Saepius
621 735 710 808 enim
734 761 789 809 me
809 736 946 832 rogasti,
967 754 1000 809 ut
1018 736 1062 809 ad
1081 754 1115 810 te

264 850 392 948 aliquid
418 851 602 925 litterarum
624 852 752 924 darem.
782 854 866 951 Qua
883 877 927 925 ex
947 877 982 925 re
1001 853 1114 949 putavi

264 992 357 1040 ame
374 967 520 1040 alienum
539 992 616 1040 esse
635 966 696 1039 nisi
715 968 878 1040 voluntati
898 985 965 1041 tuae
983 993 1113 1041 morem

263 1106 430 1178 gererem.
452 1084 500 1155 Ut
514 1081 621 1177 inquit
636 1081 779 1170 Cicero,
793 1081 912 1155 studiis
925 1082 1113 1156 amicorum

265 1197 452 1295 praesertim
480 1197 511 1268 in
539 1222 576 1270 re
603 1198 694 1270 bona
716 1215 784 1269 tum
804 1197 943 1271 difficile
961 1215 1024 1285 est,
1043 1215 1113 1271 turn
1148 1238 1157 1283 ς

266 1338 331 1387 nec
356 1339 493 1410 aequum
521 1312 659 1409 quidem
686 1313 864 1387 obsistere.
898 1313 1008 1415 Quod
1035 1338 1112 1388 cum

265 1429 310 1502 ita
327 1429 380 1515 sit,
399 1430 488 1502 hanc
505 1427 550 1502 ad
569 1446 602 1501 te
621 1428 730 1517 mitte,
746 1446 781 1502 ut
794 1454 947 1526 exequar
966 1429 999 1502 id
1018 1429 1113 1526 quod

264 1544 324 1618 tibi
341 1544 468 1641 saepius
486 1544 639 1642 pollicita
656 1570 739 1618 sum.
763 1546 858 1619 Vale.
881 1547 929 1618 Ex
949 1542 1111 1620 Veneriis.

312 1792 346 1854 (1)
363 1792 411 1841 dixi
438 1794 465 1842 F.
499 1791 533 1855 (2)
566 1793 650 1855 putavi
672 1807 717 1841 om.
737 1794 764 1842 F·
806 1792 840 1854 (3)
866 1801 934 1842 esset
960 1794 987 1842 F.
1023 1792 1056 1855 (4)
1080 1794 1114 1841 in·

264 1872 326 1933 quid
355 1873 381 1921 F.
417 1873 471 1923 Cic.
491 1881 579 1922 noster
602 1881 633 1921 st.
652 1876 679 1921 Α.
715 1873 749 1935 (ὁ)
766 1874 828 1934 quid
846 1875 877 1922 R.
912 1873 1065 1924 obliviscere
1082 1873 1111 1922 F.

264 1952 298 2012 (7)
320 1953 368 2000 sint
393 1954 424 2001 R.
458 1951 492 2013 (Β)
510 1952 605 2014 sepius
620 1966 666 2002 om.
686 1954 713 2002 F.
748 1954 851 2016 policita
867 1957 894 2011 Α.
913 1954 1011 2003 solicita
1027 1954 1058 2003 R.
1079 1954 1114 2004 Ex

264 2033 328 2081 Ven.
347 2046 416 2080 omm.
435 2033 484 2081 AF.

316 3665 377 3710 rm
390 3666 499 3722 κοςιιοιι
525 3667 601 3723 om
616 3667 632 3710 1.
