2850 4694
662 584 695 651 25
701 587 723 648 7

266 754 373 813 tarum
392 739 511 812 Cirum
533 741 712 813 Persarum
732 764 848 836 regem
862 764 940 814 cum
957 740 1113 814 universo

265 854 418 928 exercitu
450 853 640 944 trucidavit,
672 872 707 928 ut
737 880 780 929 ne
810 855 944 929 nuntius
974 855 1112 953 quidem

266 985 369 1043 tantae
395 968 503 1043 cladis
529 970 757 1067 superfuerit?
782 976 972 1045 Amazones
999 997 1113 1045 nonne

265 1083 338 1165 sine
364 1085 442 1158 viris
467 1110 594 1160 auxere
621 1112 691 1159 rem
710 1087 907 1183 publicam?
927 1087 1113 1184 Marpesia,

267 1199 458 1297 Lampedo,
478 1201 616 1274 Orithia
633 1201 796 1275 maiorem
815 1217 946 1298 partem
965 1204 1114 1299 Europae
1146 1234 1148 1256 ·

265 1314 504 1404 subiecerunt,
541 1317 718 1389 nonnullas
752 1341 893 1414 quoque
930 1317 1003 1390 sine
1036 1317 1114 1390 viris

264 1430 357 1504 Asiae
375 1431 530 1505 civitates
548 1436 830 1529 occupaverunt?
856 1434 1005 1504 Tantum
1023 1432 1113 1505 enim

265 1546 388 1620 virtute
414 1565 450 1619 et
475 1548 632 1643 singulari
660 1549 739 1621 belli
766 1548 909 1622 scientia
926 1549 1113 1645 pollebant,

267 1679 302 1736 ut
330 1663 474 1737 Herculi
500 1681 536 1737 et
557 1665 699 1737 Theseo
718 1663 927 1761 impossibile
944 1663 1115 1737 videretur

265 1781 473 1851 Amazonum
491 1804 584 1853 arma
602 1780 672 1877 regi
690 1804 754 1853 suo
768 1778 898 1853 afferre.
921 1778 1114 1852 Pantasilea
1131 1806 1148 1842 n

266 1895 358 1969 bello
377 1894 531 1967 Troiano
550 1895 637 1968 inter
655 1894 856 1968 fortissimos
869 1897 1021 1968 Graecos
1038 1893 1114 1967 viri-

266 2010 341 2085 liter
358 2009 551 2099 dimicavit;
570 2011 665 2085 testis
683 2029 736 2084 est
754 2028 876 2109 poeta:

310 2177 472 2239 Pantasilea
487 2178 585 2239 furens
601 2179 763 2258 mediisque
779 2179 807 2239 in
823 2178 936 2239 milibus
951 2179 1041 2239 ardet.

268 2356 378 2457 Quod
396 2381 475 2430 cum
494 2357 539 2430 ita
555 2357 608 2445 sit,
628 2373 661 2429 te
681 2381 777 2453 rogn,
798 2372 833 2430 ut
851 2381 906 2429 me
932 2356 1114 2430 certiorem

267 2472 403 2561 reddas,
434 2473 461 2546 si
497 2473 654 2546 mulieres
685 2472 895 2569 loquacitate
921 2473 974 2545 vel
1002 2471 1142 2570 potius1

266 2588 465 2688 eloquentia
478 2605 514 2662 et
526 2589 648 2661 virtute
666 2588 756 2661 viros
773 2592 960 2686 superent?
980 2590 1069 2661 Nam
1088 2588 1115 2663 si

314 2823 348 2887 (r)
373 2824 462 2873 Titum
479 2826 510 2883 R,
536 2824 641 2872 Ennium
665 2824 691 2872 F.
726 2823 761 2886 (ι)
778 2825 820 2885 ne]
838 2832 864 2873 et
880 2823 907 2872 F.
942 2825 1048 2873 nuncius
1061 2825 1114 2879 AR,

267 2905 367 2954 nuctiue
387 2905 415 2954 F.
450 2904 483 2967 (r)
506 2903 655 2954 emescone's
672 2904 700 2953 F.
745 2905 777 2967 (3.
797 2903 821 2965 4)
849 2917 932 2953 nonne
954 2912 1039 2953 eutem
1062 2905 1117 2953 sine

265 2985 377 3035 virorum
393 2985 486 3035 auxilio
512 2999 591 3048 remp.
621 2985 648 3034 F.
693 2984 727 3047 (⁴)
743 2999 853 3034 auxerre
875 2986 906 3034 R.
934 2985 1060 3047 mersepie
1087 2985 1114 3034 F.

267 3064 301 3127 (ς)
318 3064 463 3123 OrittueA‚
489 3065 563 3114 orltle
579 3066 611 3113 R.
644 3066 676 3128 (6.
694 3065 718 3125 7)
736 3065 1066 3125 nonnullas-AsiaelAsiem
1085 3066 1115 3114 R.

266 3143 321 3194 sine
345 3145 406 3193 iuris
429 3145 545 3194 civitates
561 3145 643 3193 Asirie
662 3144 689 3192 F.
734 3143 768 3206 (7)
785 3157 949 3207 occupavere
970 3146 998 3203 A,
1023 3158 1118 3207 ocupa-

268 3233 324 3274 runt
346 3225 373 3274 F.
408 3224 442 3288 (8)
464 3226 553 3289 singuli
578 3225 634 3288 (om.
653 3226 723 3286 belli)
747 3225 843 3275 scentia
867 3227 899 3275 R.
942 3225 1064 3288 polebent
1088 3228 1116 3275 Α.

267 3302 302 3368 (9)
335 3305 431 3353 hercoli
456 3318 486 3354 ec
517 3318 610 3354 cresco
634 3305 691 3368 (om.
716 3306 819 3368 impons.
846 3304 908 3366 vid.)
931 3304 959 3353 F.
1004 3305 1118 3367 impossi-

268 3385 328 3434 bille
352 3387 384 3434 R.
426 3383 476 3447 (ιο)
503 3386 656 3435 Penthisilee
680 3387 707 3434 Α.
760 3385 808 3447 (ιι.
835 3383 872 3444 ιι)
894 3384 1073 3434 verosimiliter
1089 3385 1116 3433 F.

268 3464 318 3527 (n)
344 3464 394 3525 est]
419 3471 445 3512 et
470 3465 498 3522 F,
524 3478 570 3512 orn.
599 3466 631 3513 R.
666 3463 716 3527 (ις)
739 3464 891 3512 Penthisilee
916 3465 944 3512 Α.
978 3464 1068 3514 mediis
1087 3465 1118 3512 R.

268 3543 318 3606 (ιὸ)
334 3544 493 3605 elloquentie
506 3544 538 3604 R,
555 3556 601 3592 orn.
621 3545 648 3593 F.
682 3550 805 3606 superent
821 3544 853 3593 R.

320 3663 382 3707 lente
396 3661 507 3718 linguei·
520 3662 596 3720 Opere.
611 3663 626 3707 1.
985 3661 1012 3710 ι7
