2850 4694
514 602 590 646 cxttl

130 761 189 812 1454
211 751 234 800 ai
260 752 411 811 Malombrr,
437 751 478 802 dai
498 754 566 815 quali
583 753 660 816 passo
675 756 719 817 poi
737 758 778 804 nel
798 766 856 817 1457
872 757 895 804 ai
913 757 979 806 Ven-

126 830 265 880 dramino.r

178 904 202 954 ³⁶
225 913 267 961 De
292 909 382 960 eadem
409 926 437 961 re
459 910 519 961 duaa
536 913 585 962 sub
602 915 678 962 lsotar
694 915 796 963 nomine
818 923 902 964 extant
926 917 981 979 epi-

126 992 207 1047 stolae,
224 992 306 1040 altera
322 991 345 1039 in
362 991 400 1040 eis
416 990 557 1051 codicibus,
575 1006 635 1055 quae
660 995 799 1056 plerasque
827 997 902 1044 lsotoe
924 997 979 1057 epi·

125 1073 203 1121 stolas
220 1072 433 1133 complectuntur,
452 1075 532 1122 altera
549 1073 571 1121 in
590 1075 665 1123 unico
682 1071 773 1123 codice
785 1074 978 1125 vindobonensi

128 1165 194 1212 3494,
213 1152 237 1201 in
254 1165 308 1214 quo
326 1161 484 1214 «sequuntur
499 1154 585 1216 alique
601 1155 712 1218 epistole
729 1155 826 1204 illorum
841 1163 976 1218 poetarum

125 1246 190 1294 quas
206 1233 325 1295 quoniam
342 1241 429 1283 nostre
445 1242 515 1283 etate
532 1235 555 1282 in
574 1235 671 1284 leminis
686 1249 745 1284 raro
762 1234 902 1286 doctrinam
920 1250 977 1286 cum

126 1312 273 1374 eloquentia
305 1312 443 1362 invenimus
473 1327 608 1377 apponere
641 1314 751 1365 studium
785 1324 834 1365 tam
868 1316 977 1366 habendi

125 1404 199 1453 quam
223 1391 353 1441 scribendi
376 1394 494 1442 constitui
518 1407 547 1442 cx
563 1394 619 1459 ipsis
636 1394 788 1459 originalibus
802 1408 907 1445 renim.»
926 1396 978 1445 Ubi

126 1471 170 1520 nisi
195 1474 271 1522 lsotre
295 1486 387 1522 nomen
412 1474 555 1522 Zenevertu
583 1475 674 1524 nomini
700 1478 780 1525 multo
806 1476 887 1525 minus
914 1485 978 1526 noto

124 1551 287 1602 substitutum
310 1566 369 1602 esse
394 1552 488 1610 credis,
513 1568 594 1615 prona
619 1564 657 1604 est
674 1556 787 1619 suspicio
803 1556 936 1619 epistolem
953 1557 976 1605 in

124 1634 181 1682 solo
200 1631 292 1682 codice
309 1631 502 1683 Vindobonensi
517 1643 642 1683 servatam
658 1649 673 1684 e
690 1635 773 1697 primo
791 1637 866 1685 lsotoe
885 1636 977 1685 littera-

125 1726 179 1761 rum
196 1715 316 1776 exemplo
332 1712 486 1776 descriptam
504 1727 571 1764 esse.

176 1798 200 1838 ³⁷
216 1793 315 1843 Confer
339 1795 455 1843 Leonelli
475 1794 589 1843 Estensis
605 1795 700 1844 litteras
716 1797 758 1845 lll.
777 1796 845 1845 Non.
865 1797 932 1846 Nov.
950 1811 973 1846 a.

127 1875 185 1933 1436
206 1886 237 1923 ex
260 1887 323 1937 agro
348 1874 453 1936 cuparii
469 1874 502 1923 ad
519 1874 658 1924 Guarinum
675 1875 791 1938 scriptas,
809 1889 874 1938 quas
890 1879 976 1927 Remi·

123 1954 179 2018 gius
195 1954 333 2004 Sabbadini
350 1969 366 2004 e
383 1954 475 2004 codice
491 1956 660 2005 Ambrosiano
678 1956 708 2006 C.
730 1968 771 2020 ¹⁴5
784 1955 921 2020 descripsit
932 1957 973 2020 (V.

122 2034 237 2084 Guarino
261 2035 396 2084 veronese
424 2050 439 2083 e
465 2036 480 2083 il
504 2050 553 2085 suo
578 2037 727 2099 epistolario
750 2037 821 2086 edito
837 2051 852 2086 e
867 2038 972 2088 inedito.

121 2114 228 2163 Salerno
247 2114 303 2176 1885
322 2128 348 2177 p.
370 2114 397 2162 18
415 2129 452 2163 nr.
474 2116 545 2179 130:
563 2132 574 2161 r
594 2152 600 2164 .
619 2151 626 2164 .
645 2152 651 2164 .
671 2152 677 2164 .
697 2117 762 2165 Nam
779 2115 891 2178 quidde
909 2117 974 2169 lruc-

120 2194 189 2244 tibus
210 2195 257 2244 abs
280 2202 306 2244 te
323 2196 456 2258 perceptis
470 2195 571 2246 dicam?
588 2198 647 2246 Non
664 2198 789 2260 potuisse,
807 2198 846 2247 vir
861 2198 972 2262 insignis,

120 2275 168 2323 lrac
191 2282 345 2337 tempestate
366 2288 406 2324 me
431 2277 591 2326 cumulatiori
608 2291 714 2326 munere
731 2285 757 2326 et
774 2276 857 2326 eximii
874 2279 973 2341 soporis

120 2353 244 2404 fructibus
260 2353 374 2416 donare;
391 2356 480 2406 mirum
496 2369 557 2405 sane
575 2356 663 2406 nescio
679 2371 756 2418 quem
769 2356 887 2406 redolent
899 2373 973 2421 sepo

120 2447 175 2483 rem
197 2434 265 2483 adeo
290 2442 317 2483 ut
334 2435 357 2483 in
374 2448 464 2485 eorum
481 2435 661 2500 degustatione
677 2450 798 2486 summum
816 2439 972 2501 voluptatem

120 2514 217 2577 pariter
240 2522 266 2563 et
288 2515 437 2565 suavitatem
460 2516 583 2578 ceperim.
611 2517 676 2565 Nam
701 2530 760 2565 cum
777 2518 858 2566 ceteri
876 2517 973 2567 lructus

120 2594 199 2643 malos
216 2594 365 2657 ingenerent
383 2595 502 2645 humores
518 2604 545 2644 et
561 2596 608 2644 soli
626 2597 692 2659 gulae
709 2596 882 2660 delenimento
894 2598 973 2646 inser·

119 2674 185 2723 viant
212 2688 261 2725 nec
286 2675 319 2724 ad
346 2675 513 2735 debilitatem,
532 2676 555 2724 lli
583 2676 677 2738 quibus
700 2689 784 2739 nuper
807 2691 848 2725 me
872 2676 971 2726 donasti

120 2754 246 2804 hominem
263 2753 374 2804 reddunt
382 2757 585 2816 saluberrimum,
602 2757 700 2806 animos
714 2757 889 2819 depascuntur
901 2766 927 2807 et
938 2759 971 2808 ad

119 2834 319 2897 perpetuitatem
334 2843 393 2885 sunt
410 2849 459 2886 non
471 2839 554 2886 solum
567 2837 640 2886 nobis
651 2836 698 2886 sed
710 2838 823 2900 posteris
834 2837 969 2900 profuturi.

120 2915 176 2963 llos
201 2915 276 2978 igitur
298 2915 390 2979 ingenii
415 2924 441 2965 et
463 2915 606 2966 studiorum
627 2917 724 2967 lructus
748 2931 816 2979 quos
839 2917 971 2968 aduabus

118 3002 170 3044 tuo
201 2996 308 3046 civitatis
339 2996 478 3060 virginibus
510 2998 635 3062 collegisti
663 2999 841 3059 collectosque
867 2998 900 3047 ad
928 3012 969 3047 me

119 3075 213 3135 misisti,
242 3089 292 3124 non
319 3075 435 3126 admirari
463 3091 513 3127 non
539 3092 643 3141 possum
668 3086 694 3126 et
717 3078 821 3127 summis
845 3079 969 3140 prosequi

119 3154 235 3204 laudibus
260 3170 348 3218 eoque
368 3158 446 3221 magis
468 3158 540 3219 quod
564 3158 661 3218 abste,
680 3158 723 3219 qui
741 3158 847 3207 huiusce
865 3158 901 3206 rei
919 3172 968 3207 non

119 3235 286 3299 negligendus
310 3238 382 3287 testis
398 3251 436 3295 es,
455 3239 543 3287 mirum
561 3239 584 3287 in
602 3238 705 3288 modum
722 3239 864 3299 probantur
878 3239 969 3287 tollun-

119 3323 220 3378 turque.
248 3320 309 3367 Mea
332 3318 436 3379 quidem
461 3318 579 3368 imbecilli
601 3320 726 3368 sententia
748 3327 843 3382 suopte
868 3319 969 3383 ingenio

118 3409 233 3460 magnum
244 3410 375 3459 quemque
387 3399 510 3461 effingere
525 3398 643 3448 videntur
654 3406 792 3449 oratorem.
806 3397 876 3461 Quid
888 3413 968 3460 porro

119 3474 152 3526 de
168 3484 259 3527 ornstu
279 3476 379 3528 dicam?
393 3479 501 3527 Tacebo
520 3479 678 3540 gravissimas
691 3480 830 3528 sententias
845 3486 872 3527 et
884 3493 968 3528 exem·

119 3559 219 3620 plorum
229 3559 339 3623 copiam,
351 3572 461 3620 quorum
471 3557 540 3609 adeo
556 3559 660 3609 relertoe
675 3568 742 3619 sunt,
762 3567 789 3609 ut
802 3562 968 3622 quamplures

170 3678 474 3736 minumum.
846 3670 860 3716 l
