2850 4694
500 646 594 693 cxttx

122 800 225 863 obligati
241 798 294 848 iare
310 799 480 848 subventione
497 799 521 848 in
537 799 604 848 omni
616 806 704 862 tempo
716 800 765 850 che
776 800 926 863 bisognasse
938 801 973 851 de

122 881 221 929 iintrate
248 878 282 928 de
307 879 323 927 ii
346 892 404 943 tney
429 879 488 927 beni
506 893 521 928 e
539 893 589 928 non
606 880 772 942 possessione
788 882 910 943 possiano
926 883 974 930 mai

121 958 236 1010 vendere
263 972 296 1008 ne
321 959 460 1023 impignare
485 959 500 1008 ii
523 957 584 1010 dicti
609 973 667 1022 mey
692 960 760 1020 beni,
786 959 974 1011 intendendos

122 1038 277 1091 dedemndo
302 1039 350 1089 che
376 1046 436 1088 tunc
453 1039 476 1087 in
493 1046 588 1100 questo
604 1052 666 1095 oaso
683 1039 699 1088 ii
715 1040 814 1104 signori
830 1040 865 1091 de
881 1042 904 1090 ia
921 1042 974 1104 pie·

122 1119 182 1168 tade
208 1132 320 1182 possano
337 1119 449 1168 retinere
466 1119 543 1168 libras
559 1117 725 1183 quadraginta
741 1120 808 1170 ornni
824 1134 892 1170 anno
908 1134 942 1184 pe
959 1121 975 1170 ii

122 1199 212 1263 poven'
235 1197 270 1248 de
293 1200 318 1247 Ιε
339 1197 409 1248 dicte
434 1199 534 1248 intrate.
562 1199 582 1247 Ε
606 1200 630 1247 in
647 1211 708 1249 osso
724 1199 795 1249 insse
812 1200 861 1250 cite
878 1214 927 1249 non
944 1214 974 1250 se

122 1286 237 1328 trovam
262 1278 340 1328 niuno
355 1276 390 1327 de
407 1278 423 1326 ii
439 1276 549 1340 predicti
566 1278 664 1340 parenti
681 1293 699 1328 0
714 1278 752 1327 sia
776 1287 883 1342 parente
908 1280 976 1329 biso

122 1372 213 1422 gnasse
223 1359 264 1407 ale
276 1359 361 1419 quaiie
372 1357 388 1405 ii
399 1356 460 1407 dicti
476 1358 576 1420 signori
591 1356 703 1408 dovesse
719 1357 871 1423 dispensare
888 1360 904 1409 ii
914 1358 975 1410 dicti

123 1452 180 1502 mey
204 1438 263 1487 beni
287 1444 349 1487 tunc
364 1438 451 1501 voigio
466 1438 516 1488 che
533 1439 549 1486 ii
565 1436 625 1487 dicti
641 1438 736 1502 signori
752 1438 825 1488 siano
841 1440 943 1503 obligati
960 1452 976 1488 a

122 1519 204 1568 tenire
228 1531 280 1567 uno
304 1519 438 1581 oapeiiano
453 1530 469 1565 a
485 1520 508 1567 ia
523 1517 592 1567 dicta
608 1519 705 1568 eciexia
719 1516 754 1573 de
770 1519 862 1570 Sancta
878 1519 976 1569 Cecilin

122 1613 138 1648 e
160 1598 241 1663 darge
264 1597 341 1647 libras
363 1604 466 1648 centurn
482 1599 550 1647 omni
566 1612 632 1647 enno
648 1599 683 1648 de
700 1599 798 1648 intrada
814 1613 862 1661 per
879 1601 975 1650 lamone

122 1677 156 1728 de
181 1679 234 1728 Dio
258 1691 274 1727 e
297 1678 330 1727 tui
355 1677 391 1727 sia
408 1678 522 1741 obligato
538 1679 673 1728 celebrare
696 1691 712 1727 a
736 1681 823 1728 tattsre
840 1678 873 1729 da
891 1680 976 1744 Noge-

123 1761 186 1809 roiie
210 1758 316 1809 fundato
339 1758 363 1807 in
386 1759 410 1806 ia
434 1757 503 1808 dicta
519 1758 607 1818 etesia,
626 1760 651 1807 ei
668 1765 739 1807 resto
754 1758 825 1808 siano
841 1755 977 1822 ob'iigatis

122 1838 273 1902 dispensare
294 1840 336 1887 aie
360 1837 430 1888 diete
455 1850 559 1900 negasse
582 1836 617 1887 de
640 1837 810 1888 observantia.
837 1839 868 1887 Et
884 1847 977 1900 queste

122 1918 225 1969 declara
251 1931 340 1968 essere
367 1930 414 1967 sua
437 1917 522 1966 ultima
545 1917 684 1966 voiuntade
708 1931 724 1966 e
748 1917 927 1980 dispositione,
953 1920 977 1967 ia

123 2001 198 2062 quale
220 2012 250 2048 se
274 2011 324 2047 non
341 1995 456 2060 podesse
472 1998 568 2045 vuilere
585 2010 633 2058 per
650 1996 754 2060 ragione
770 1998 805 2048 de
822 2006 975 2049 testamento

123 2095 171 2143 per
185 2082 275 2129 alcuna
290 2078 460 2142 soiiepnitade
476 2079 589 2128 obmissa
605 2080 664 2128 voie
680 2079 729 2128 cire
746 2079 810 2127 valis
820 2092 869 2141 per
879 2093 975 2129 raxone

122 2160 157 2210 de
181 2151 349 2220 codioiiio,'e
374 2172 403 2208 se
426 2172 474 2220 per
490 2157 609 2208 codicilio
625 2171 674 2207 non
692 2158 806 2221 podesse
822 2162 910 2209 valere
927 2174 976 2223 per

122 2242 195 2290 alcun
219 2239 411 2289 mandramento
437 2240 505 2288 volte
527 2240 577 2289 cite
599 2237 662 2287 valia
678 2237 881 2301 perdonatione
897 2252 975 2289 causa

123 2319 210 2369 mortis
226 2328 242 2367 e
258 2332 307 2383 per
321 2321 386 2368 altra
400 2318 492 2368 melior
506 2319 545 2367 via
561 2316 975 2382 etormernodocirepodesse

122 2403 225 2460 vallera,
242 2399 367 2449 osdendo
384 2413 399 2447 e
415 2397 551 2448 anullando
568 2398 610 2447 uni
620 2400 686 2447 altro
697 2405 851 2448 testamento
863 2412 878 2447 e
891 2399 977 2447 ultima

121 2479 258 2530 voluntade
282 2480 331 2529 cite
353 2479 462 2528 i'avesse
486 2478 555 2528 tacto
579 2478 602 2526 in
627 2476 738 2541 passado
761 2491 778 2527 e
802 2478 908 2528 maxime
925 2491 976 2528 uno

121 2567 274 2612 testamento
297 2558 367 2609 iacto
389 2559 424 2609 de
450 2558 551 2620 Moiiiii.
566 2558 610 2608 dei
626 2560 703 2621 quale
719 2571 749 2608 se
765 2558 824 2609 dixe
842 2559 942 2621 pentire
958 2572 974 2607 a

122 2653 172 2690 non
187 2641 256 2691 volte
272 2640 322 2689 che
337 2652 386 2702 per
402 2638 480 2688 niuno
495 2639 575 2689 modo
590 2640 646 2689 veie
748 2640 752 2644 “

170 2721 232 2769 item
257 2720 324 2768 lasso
349 2731 365 2768 e
387 2731 466 2781 gravo
491 2720 514 2767 ε1
539 2717 610 2769 dieto
627 2716 762 2782 iodovigo
777 2716 906 2782 chedaga
922 2731 938 2766 a
954 2720 978 2767 ta

121 2798 189 2850 dicta
205 2799 285 2850 Ysota
300 2798 350 2849 ntia
365 2799 424 2848 noia
441 2812 493 2848 uno
509 2800 578 2849 tecto
594 2798 688 2849 iornito
704 2799 803 2862 percha
818 2799 843 2847 ai
855 2806 977 2861 presente

122 2893 163 2930 me
187 2893 221 2930 ne
243 2887 319 2930 trovo
336 2881 430 2930 havere
445 2879 506 2944 doy,
526 2880 656 2930 elamita
670 2878 705 2928 de
721 2880 745 2928 ia
760 2877 928 2941 drapamento
943 2877 978 2928 de

122 2959 174 3009 iino
197 2973 213 3009 e
237 2959 304 3010 oossi
327 2960 343 3008 ii
366 2973 424 3023 rney
447 2958 540 3023 coiony
563 2973 579 3008 e
604 2962 628 3009 1ε
644 2959 695 3008 mie
710 2971 799 3019 conse,
817 2959 867 3009 che
883 2960 931 3008 che
947 2971 977 3007 se

121 3048 267 3099 treverum,
280 3039 297 3088 ii
308 3052 366 3102 may
381 3038 475 3103 coiony
491 3039 563 3089 siano
580 3039 651 3089 divisi
663 3052 712 3101 ρετ
723 3038 827 3088 mittade
839 3046 877 3089 tra
888 3039 905 3086 ii
916 3037 978 3087 dicti

124 3118 258 3184 Lodovigo
274 3133 290 3168 ε
307 3119 395 3169 Ysota.

170 3201 200 3250 io
214 3200 303 3264 domp.
322 3200 411 3250 zuano
423 3213 449 3264 q.
469 3199 554 3250 Facini
572 3197 605 3247 de
621 3198 725 3247 Verona
741 3195 886 3259 Arciprede
902 3195 938 3245 de
954 3197 977 3245 ia

124 3280 204 3329 ciexia
228 3279 263 3329 de
286 3279 382 3329 Ssncto
405 3278 510 3328 steiano
536 3278 570 3328 de
594 3279 698 3328 Verona
713 3277 816 3340 seripssi
840 3278 864 3326 ε1
888 3290 978 3338 supra-

123 3360 220 3423 scripto
236 3367 391 3410 testamento
406 3359 441 3408 de
457 3358 596 3409 voiuntede
608 3372 623 3407 ε
640 3358 674 3407 de
687 3356 897 3407 comandamento
909 3354 943 3405 de
954 3358 978 3405 ia

125 3440 221 3502 prefata
238 3438 351 3490 Madona
367 3440 479 3489 Biancita
495 3441 593 3502 percite
610 3440 650 3503 iey
667 3452 718 3487 non
735 3452 813 3501 snpea
829 3438 943 3487 scrivere
954 3439 978 3485 la

124 3521 201 3581 quate
216 3521 328 3584 cognobi
345 3533 434 3569 essere
450 3519 485 3569 de
502 3533 562 3568 sena
578 3527 664 3568 mente
680 3532 696 3567 e
711 3516 747 3566 de
765 3518 835 3566 bono
846 3518 977 3566 inteitecto

125 3597 276 3650 ordenando
303 3602 329 3649 ei
352 3612 383 3650 so
406 3605 560 3650 testamento
585 3613 601 3648 e
618 3601 642 3648 ia
657 3598 726 3648 dicta
742 3606 816 3647 ronta
831 3597 874 3647 dei
891 3599 978 3660 legato
