<?xml version="1.0" encoding="UTF-8"?>
<!DOCTYPE html PUBLIC "-//W3C//DTD XHTML 1.0 Transitional//EN"
    "http://www.w3.org/TR/xhtml1/DTD/xhtml1-transitional.dtd">
<html xmlns="http://www.w3.org/1999/xhtml" xml:lang="en" lang="en">
 <head>
  <title>
</title>
<meta http-equiv="Content-Type" content="text/html;charset=utf-8" />
  <meta name='ocr-system' content='tesseract 3.04.00' />
  <meta name='ocr-capabilities' content='ocr_page ocr_carea ocr_par ocr_line ocrx_word'/>
</head>
<body>
  <div class='ocr_page' id='page_1' title='image "./isotnogarolvero00nogagoog/isotnogarolvero00nogagoog_0045.png"; bbox 0 0 2850 4694; ppageno 0'>
   <div class='ocr_carea' id='block_1_1' title="bbox 662 621 749 663">
    <p class='ocr_par' dir='ltr' id='par_1_1' title="bbox 662 621 749 663">
     <span class='ocr_line' id='line_1_1' title="bbox 662 621 749 663; baseline -0.023 0"><span class='ocrx_word' id='word_1_1' title='bbox 662 621 749 663; x_wconf 74' lang='lat' dir='ltr'>XXXV</span> 
     </span>
    </p>
   </div>
   <div class='ocr_carea' id='block_1_2' title="bbox 232 772 1130 3525">
    <p class='ocr_par' dir='ltr' id='par_1_2' title="bbox 232 772 1130 3525">
     <span class='ocr_line' id='line_1_2' title="bbox 273 772 1130 847; baseline 0.001 -1"><span class='ocrx_word' id='word_1_2' title='bbox 273 772 415 846; x_wconf 90' lang='lat' dir='ltr'>militum</span> <span class='ocrx_word' id='word_1_3' title='bbox 434 772 563 846; x_wconf 70' lang='lat' dir='ltr'>duce5⁴</span> <span class='ocrx_word' id='word_1_4' title='bbox 595 773 768 846; x_wconf 86' lang='lat' dir='ltr'>Damiano</span> <span class='ocrx_word' id='word_1_5' title='bbox 787 792 905 847; x_wconf 93' lang='lat' dir='ltr'>nostro</span> <span class='ocrx_word' id='word_1_6' title='bbox 922 772 1130 847; x_wconf 83' lang='lat' dir='ltr'>demandata</span> 
     </span>
     <span class='ocr_line' id='line_1_3' title="bbox 272 886 1129 987; baseline 0.004 -25"><span class='ocrx_word' id='word_1_7' title='bbox 272 903 338 977; x_wconf 86' lang='lat' dir='ltr'>est,</span> <span class='ocrx_word' id='word_1_8' title='bbox 380 886 440 984; x_wconf 93' lang='lat' dir='ltr'>qui</span> <span class='ocrx_word' id='word_1_9' title='bbox 481 887 564 984; x_wconf 91' lang='lat' dir='ltr'>quin</span> <span class='ocrx_word' id='word_1_10' title='bbox 607 887 686 961; x_wconf 92' lang='lat' dir='ltr'>huic</span> <span class='ocrx_word' id='word_1_11' title='bbox 729 888 870 985; x_wconf 88' lang='lat' dir='ltr'>negotio</span> <span class='ocrx_word' id='word_1_12' title='bbox 912 888 1129 987; x_wconf 83' lang='lat' dir='ltr'>perficiendo</span> 
     </span>
     <span class='ocr_line' id='line_1_4' title="bbox 272 1001 1130 1101; baseline 0.005 -27"><span class='ocrx_word' id='word_1_13' title='bbox 272 1001 382 1099; x_wconf 80' lang='lat' dir='ltr'>impar</span> <span class='ocrx_word' id='word_1_14' title='bbox 411 1001 512 1075; x_wconf 90' lang='lat' dir='ltr'>luerit</span> <span class='ocrx_word' id='word_1_15' title='bbox 542 1027 645 1076; x_wconf 88' lang='lat' dir='ltr'>nemo</span> <span class='ocrx_word' id='word_1_16' title='bbox 679 1001 849 1076; x_wconf 81' lang='lat' dir='ltr'>dubitabit</span> <span class='ocrx_word' id='word_1_17' title='bbox 883 1003 941 1101; x_wconf 89' lang='lat' dir='ltr'>qui</span> <span class='ocrx_word' id='word_1_18' title='bbox 977 1003 1051 1078; x_wconf 92' lang='lat' dir='ltr'>eius</span> <span class='ocrx_word' id='word_1_19' title='bbox 1076 1003 1130 1079; x_wconf 92' lang='lat' dir='ltr'>lit·</span> 
     </span>
     <span class='ocr_line' id='line_1_5' title="bbox 272 1116 1130 1217; baseline 0.003 -27"><span class='ocrx_word' id='word_1_20' title='bbox 272 1134 363 1192; x_wconf 87' lang='lat' dir='ltr'>teras</span> <span class='ocrx_word' id='word_1_21' title='bbox 384 1116 543 1191; x_wconf 88' lang='lat' dir='ltr'>oratione</span> <span class='ocrx_word' id='word_1_22' title='bbox 569 1116 706 1190; x_wconf 88' lang='lat' dir='ltr'>minime</span> <span class='ocrx_word' id='word_1_23' title='bbox 732 1119 881 1215; x_wconf 84' lang='lat' dir='ltr'>eleganti</span> <span class='ocrx_word' id='word_1_24' title='bbox 907 1118 1053 1217; x_wconf 83' lang='lat' dir='ltr'>scriptas</span> <span class='ocrx_word' id='word_1_25' title='bbox 1079 1119 1130 1193; x_wconf 94' lang='lat' dir='ltr'>in-</span> 
     </span>
     <span class='ocr_line' id='line_1_6' title="bbox 271 1231 1128 1331; baseline 0.002 -24"><span class='ocrx_word' id='word_1_26' title='bbox 271 1231 434 1331; x_wconf 87' lang='lat' dir='ltr'>spexerit.</span> <span class='ocrx_word' id='word_1_27' title='bbox 465 1235 610 1306; x_wconf 89' lang='lat' dir='ltr'>Etcum</span> <span class='ocrx_word' id='word_1_28' title='bbox 638 1232 731 1306; x_wconf 89' lang='lat' dir='ltr'>brevi</span> <span class='ocrx_word' id='word_1_29' title='bbox 758 1250 838 1331; x_wconf 93' lang='lat' dir='ltr'>post</span> <span class='ocrx_word' id='word_1_30' title='bbox 865 1237 967 1308; x_wconf 84' lang='lat' dir='ltr'>lsotae</span> <span class='ocrx_word' id='word_1_31' title='bbox 1000 1233 1128 1310; x_wconf 80' lang='lat' dir='ltr'>litteras</span> 
     </span>
     <span class='ocr_line' id='line_1_7' title="bbox 272 1346 1128 1447; baseline 0.004 -26"><span class='ocrx_word' id='word_1_32' title='bbox 272 1346 429 1423; x_wconf 83' lang='lat' dir='ltr'>laudibus</span> <span class='ocrx_word' id='word_1_33' title='bbox 453 1350 573 1446; x_wconf 90' lang='lat' dir='ltr'>plenas</span> <span class='ocrx_word' id='word_1_34' title='bbox 600 1347 633 1420; x_wconf 92' lang='lat' dir='ltr'>in</span> <span class='ocrx_word' id='word_1_35' title='bbox 663 1373 781 1423; x_wconf 86' lang='lat' dir='ltr'>manus</span> <span class='ocrx_word' id='word_1_36' title='bbox 814 1348 1025 1446; x_wconf 83' lang='lat' dir='ltr'>sumpsisset,</span> <span class='ocrx_word' id='word_1_37' title='bbox 1056 1373 1128 1447; x_wconf 85' lang='lat' dir='ltr'>prae</span> 
     </span>
     <span class='ocr_line' id='line_1_8' title="bbox 270 1461 1128 1563; baseline 0.001 -25"><span class='ocrx_word' id='word_1_38' title='bbox 270 1462 400 1562; x_wconf 80' lang='lat' dir='ltr'>gaudio</span> <span class='ocrx_word' id='word_1_39' title='bbox 425 1488 463 1538; x_wconf 88' lang='lat' dir='ltr'>se</span> <span class='ocrx_word' id='word_1_40' title='bbox 490 1461 658 1562; x_wconf 89' lang='lat' dir='ltr'>quidquid</span> <span class='ocrx_word' id='word_1_41' title='bbox 692 1464 878 1563; x_wconf 91' lang='lat' dir='ltr'>scripturus</span> <span class='ocrx_word' id='word_1_42' title='bbox 912 1481 1005 1538; x_wconf 89' lang='lat' dir='ltr'>esset</span> <span class='ocrx_word' id='word_1_43' title='bbox 1037 1489 1128 1539; x_wconf 86' lang='lat' dir='ltr'>sem·</span> 
     </span>
     <span class='ocr_line' id='line_1_9' title="bbox 272 1578 1127 1676; baseline 0.002 -25"><span class='ocrx_word' id='word_1_44' title='bbox 272 1602 336 1676; x_wconf 89' lang='lat' dir='ltr'>per</span> <span class='ocrx_word' id='word_1_45' title='bbox 367 1581 470 1652; x_wconf 85' lang='lat' dir='ltr'>lsotae</span> <span class='ocrx_word' id='word_1_46' title='bbox 505 1578 680 1653; x_wconf 89' lang='lat' dir='ltr'>missurum</span> <span class='ocrx_word' id='word_1_47' title='bbox 711 1604 789 1652; x_wconf 91' lang='lat' dir='ltr'>esse</span> <span class='ocrx_word' id='word_1_48' title='bbox 820 1578 1059 1676; x_wconf 84' lang='lat' dir='ltr'>pollicebatur,</span> <span class='ocrx_word' id='word_1_49' title='bbox 1091 1595 1127 1653; x_wconf 90' lang='lat' dir='ltr'>ut</span> 
     </span>
     <span class='ocr_line' id='line_1_10' title="bbox 271 1692 1126 1792; baseline 0.002 -26"><span class='ocrx_word' id='word_1_50' title='bbox 271 1692 345 1768; x_wconf 88' lang='lat' dir='ltr'>eius</span> <span class='ocrx_word' id='word_1_51' title='bbox 369 1693 667 1768; x_wconf 86' lang='lat' dir='ltr'>observationibus</span> <span class='ocrx_word' id='word_1_52' title='bbox 693 1718 757 1767; x_wconf 89' lang='lat' dir='ltr'>suo</span> <span class='ocrx_word' id='word_1_53' title='bbox 787 1712 945 1792; x_wconf 90' lang='lat' dir='ltr'>tempore</span> <span class='ocrx_word' id='word_1_54' title='bbox 971 1693 1018 1768; x_wconf 91' lang='lat' dir='ltr'>uti</span> <span class='ocrx_word' id='word_1_55' title='bbox 1044 1719 1126 1792; x_wconf 72' lang='lat' dir='ltr'>pos</span> 
     </span>
     <span class='ocr_line' id='line_1_11' title="bbox 270 1808 1125 1907; baseline 0.002 -24"><span class='ocrx_word' id='word_1_56' title='bbox 270 1826 333 1883; x_wconf 90' lang='lat' dir='ltr'>set.</span> <span class='ocrx_word' id='word_1_57' title='bbox 364 1808 471 1883; x_wconf 80' lang='lat' dir='ltr'>Addit</span> <span class='ocrx_word' id='word_1_58' title='bbox 501 1808 660 1906; x_wconf 87' lang='lat' dir='ltr'>quaedam</span> <span class='ocrx_word' id='word_1_59' title='bbox 691 1809 737 1882; x_wconf 90' lang='lat' dir='ltr'>de</span> <span class='ocrx_word' id='word_1_60' title='bbox 768 1826 975 1907; x_wconf 86' lang='lat' dir='ltr'>praematuro</span> <span class='ocrx_word' id='word_1_61' title='bbox 1010 1810 1125 1885; x_wconf 88' lang='lat' dir='ltr'>uxoris</span> 
     </span>
     <span class='ocr_line' id='line_1_12' title="bbox 270 1923 1126 2023; baseline 0.001 -24"><span class='ocrx_word' id='word_1_62' title='bbox 270 1941 380 2023; x_wconf 87' lang='lat' dir='ltr'>partu,</span> <span class='ocrx_word' id='word_1_63' title='bbox 398 1923 444 1999; x_wconf 89' lang='lat' dir='ltr'>de</span> <span class='ocrx_word' id='word_1_64' title='bbox 463 1925 592 1999; x_wconf 86' lang='lat' dir='ltr'>infirma</span> <span class='ocrx_word' id='word_1_65' title='bbox 608 1925 804 1999; x_wconf 85' lang='lat' dir='ltr'>valetudine</span> <span class='ocrx_word' id='word_1_66' title='bbox 822 1925 967 2016; x_wconf 85' lang='lat' dir='ltr'>infantis,</span> <span class='ocrx_word' id='word_1_67' title='bbox 990 1925 1036 2000; x_wconf 87' lang='lat' dir='ltr'>de</span> <span class='ocrx_word' id='word_1_68' title='bbox 1053 1925 1126 2000; x_wconf 90' lang='lat' dir='ltr'>aliis</span> 
     </span>
     <span class='ocr_line' id='line_1_13' title="bbox 270 2040 1122 2135; baseline 0.002 -21"><span class='ocrx_word' id='word_1_69' title='bbox 270 2042 372 2115; x_wconf 88' lang='lat' dir='ltr'>rebus</span> <span class='ocrx_word' id='word_1_70' title='bbox 410 2041 609 2116; x_wconf 85' lang='lat' dir='ltr'>domesticis</span> <span class='ocrx_word' id='word_1_71' title='bbox 652 2040 824 2135; x_wconf 86' lang='lat' dir='ltr'>(Veronae,</span> <span class='ocrx_word' id='word_1_72' title='bbox 859 2044 1018 2116; x_wconf 86' lang='lat' dir='ltr'>XXVlIl.</span> <span class='ocrx_word' id='word_1_73' title='bbox 1055 2045 1122 2116; x_wconf 86' lang='lat' dir='ltr'>lan.</span> 
     </span>
     <span class='ocr_line' id='line_1_14' title="bbox 271 2155 1122 2255; baseline 0 -26"><span class='ocrx_word' id='word_1_74' title='bbox 271 2155 388 2254; x_wconf 67' lang='lat'>1439).</span> <span class='ocrx_word' id='word_1_75' title='bbox 410 2160 444 2229; x_wconf 97' lang='lat' dir='ltr'>ln</span> <span class='ocrx_word' id='word_1_76' title='bbox 454 2156 527 2230; x_wconf 88' lang='lat' dir='ltr'>aliis</span> <span class='ocrx_word' id='word_1_77' title='bbox 543 2173 657 2230; x_wconf 90' lang='lat' dir='ltr'>autem</span> <span class='ocrx_word' id='word_1_78' title='bbox 676 2156 793 2231; x_wconf 90' lang='lat' dir='ltr'>litteris</span> <span class='ocrx_word' id='word_1_79' title='bbox 812 2160 935 2231; x_wconf 91' lang='lat' dir='ltr'>lsotam</span> <span class='ocrx_word' id='word_1_80' title='bbox 954 2156 1122 2255; x_wconf 84' lang='lat' dir='ltr'>obiurgat,</span> 
     </span>
     <span class='ocr_line' id='line_1_15' title="bbox 270 2270 1122 2370; baseline 0.002 -25"><span class='ocrx_word' id='word_1_81' title='bbox 270 2270 366 2369; x_wconf 93' lang='lat' dir='ltr'>quod</span> <span class='ocrx_word' id='word_1_82' title='bbox 385 2271 552 2370; x_wconf 85' lang='lat' dir='ltr'>neglectis</span> <span class='ocrx_word' id='word_1_83' title='bbox 569 2271 722 2369; x_wconf 86' lang='lat' dir='ltr'>probatis</span> <span class='ocrx_word' id='word_1_84' title='bbox 735 2272 854 2345; x_wconf 86' lang='lat' dir='ltr'>amicis</span> <span class='ocrx_word' id='word_1_85' title='bbox 871 2289 1001 2346; x_wconf 88' lang='lat' dir='ltr'>tantum</span> <span class='ocrx_word' id='word_1_86' title='bbox 1024 2272 1122 2347; x_wconf 87' lang='lat' dir='ltr'>bellis</span> 
     </span>
     <span class='ocr_line' id='line_1_16' title="bbox 271 2386 1123 2484; baseline 0.005 -25"><span class='ocrx_word' id='word_1_87' title='bbox 271 2386 448 2462; x_wconf 88' lang='lat' dir='ltr'>iuvenibus</span> <span class='ocrx_word' id='word_1_88' title='bbox 477 2387 619 2461; x_wconf 90' lang='lat' dir='ltr'>Venetis</span> <span class='ocrx_word' id='word_1_89' title='bbox 649 2412 748 2461; x_wconf 85' lang='lat' dir='ltr'>aures</span> <span class='ocrx_word' id='word_1_90' title='bbox 779 2389 934 2484; x_wconf 85' lang='lat' dir='ltr'>praebeat</span> <span class='ocrx_word' id='word_1_91' title='bbox 960 2387 1123 2483; x_wconf 79' lang='lat' dir='ltr'>(Veronae</span> 
     </span>
     <span class='ocr_line' id='line_1_17' title="bbox 273 2503 1121 2602; baseline 0 -25"><span class='ocrx_word' id='word_1_92' title='bbox 273 2504 353 2577; x_wconf 89' lang='lat' dir='ltr'>Kal.</span> <span class='ocrx_word' id='word_1_93' title='bbox 380 2507 461 2601; x_wconf 82' lang='lat' dir='ltr'>Apr.</span> <span class='ocrx_word' id='word_1_94' title='bbox 497 2503 610 2600; x_wconf 78' lang='lat'>1439),</span> <span class='ocrx_word' id='word_1_95' title='bbox 638 2528 704 2578; x_wconf 93' lang='lat' dir='ltr'>nec</span> <span class='ocrx_word' id='word_1_96' title='bbox 730 2503 875 2578; x_wconf 89' lang='lat' dir='ltr'>dubitari</span> <span class='ocrx_word' id='word_1_97' title='bbox 893 2522 1021 2602; x_wconf 85' lang='lat' dir='ltr'>potest,</span> <span class='ocrx_word' id='word_1_98' title='bbox 1039 2504 1121 2602; x_wconf 94' lang='lat' dir='ltr'>quin</span> 
     </span>
     <span class='ocr_line' id='line_1_18' title="bbox 269 2619 1121 2717; baseline 0.007 -28"><span class='ocrx_word' id='word_1_99' title='bbox 269 2619 575 2715; x_wconf 90' lang='lat' dir='ltr'>Venetiisquoque</span> <span class='ocrx_word' id='word_1_100' title='bbox 586 2621 710 2693; x_wconf 92' lang='lat' dir='ltr'>multos</span> <span class='ocrx_word' id='word_1_101' title='bbox 720 2644 848 2717; x_wconf 90' lang='lat' dir='ltr'>procos</span> <span class='ocrx_word' id='word_1_102' title='bbox 858 2620 1121 2710; x_wconf 88' lang='lat' dir='ltr'>habueritlsota,</span> 
     </span>
     <span class='ocr_line' id='line_1_19' title="bbox 269 2733 1122 2833; baseline 0 -24"><span class='ocrx_word' id='word_1_103' title='bbox 269 2760 351 2831; x_wconf 79' lang='lat' dir='ltr'>quae</span> <span class='ocrx_word' id='word_1_104' title='bbox 385 2733 437 2809; x_wconf 91' lang='lat' dir='ltr'>his</span> <span class='ocrx_word' id='word_1_105' title='bbox 471 2735 683 2832; x_wconf 88' lang='lat' dir='ltr'>temporibus</span> <span class='ocrx_word' id='word_1_106' title='bbox 716 2752 879 2833; x_wconf 86' lang='lat' dir='ltr'>quantum</span> <span class='ocrx_word' id='word_1_107' title='bbox 912 2761 980 2808; x_wconf 93' lang='lat' dir='ltr'>non</span> <span class='ocrx_word' id='word_1_108' title='bbox 1010 2736 1122 2809; x_wconf 93' lang='lat' dir='ltr'>solum</span> 
     </span>
     <span class='ocr_line' id='line_1_20' title="bbox 270 2848 1122 2948; baseline 0.006 -27"><span class='ocrx_word' id='word_1_109' title='bbox 270 2848 409 2946; x_wconf 86' lang='lat' dir='ltr'>ingenio</span> <span class='ocrx_word' id='word_1_110' title='bbox 425 2848 489 2925; x_wconf 92' lang='lat' dir='ltr'>sed</span> <span class='ocrx_word' id='word_1_111' title='bbox 507 2850 664 2948; x_wconf 86' lang='lat' dir='ltr'>corporis</span> <span class='ocrx_word' id='word_1_112' title='bbox 678 2875 820 2947; x_wconf 89' lang='lat' dir='ltr'>quoque</span> <span class='ocrx_word' id='word_1_113' title='bbox 833 2868 1012 2925; x_wconf 84' lang='lat' dir='ltr'>venustate</span> <span class='ocrx_word' id='word_1_114' title='bbox 1025 2867 1122 2926; x_wconf 82' lang='lat' dir='ltr'>cete-</span> 
     </span>
     <span class='ocr_line' id='line_1_21' title="bbox 269 2965 1122 3063; baseline 0.002 -24"><span class='ocrx_word' id='word_1_115' title='bbox 269 2965 314 3041; x_wconf 91' lang='lat' dir='ltr'>ris</span> <span class='ocrx_word' id='word_1_116' title='bbox 336 2965 490 3040; x_wconf 92' lang='lat' dir='ltr'>eiusdem</span> <span class='ocrx_word' id='word_1_117' title='bbox 517 2965 629 3040; x_wconf 86' lang='lat' dir='ltr'>aetatis</span> <span class='ocrx_word' id='word_1_118' title='bbox 646 2965 828 3063; x_wconf 86' lang='lat' dir='ltr'>virginibus</span> <span class='ocrx_word' id='word_1_119' title='bbox 845 2966 1084 3041; x_wconf 83' lang='lat' dir='ltr'>antecelluerit</span> <span class='ocrx_word' id='word_1_120' title='bbox 1100 2993 1122 3041; x_wconf 89' lang='lat' dir='ltr'>e</span> 
     </span>
     <span class='ocr_line' id='line_1_22' title="bbox 269 3081 1122 3180; baseline 0.004 -26"><span class='ocrx_word' id='word_1_121' title='bbox 269 3081 384 3156; x_wconf 87' lang='lat' dir='ltr'>laoobi</span> <span class='ocrx_word' id='word_1_122' title='bbox 400 3083 607 3179; x_wconf 83' lang='lat' dir='ltr'>Lavagnolae</span> <span class='ocrx_word' id='word_1_123' title='bbox 624 3081 744 3156; x_wconf 86' lang='lat' dir='ltr'>litteris</span> <span class='ocrx_word' id='word_1_124' title='bbox 761 3107 864 3180; x_wconf 83' lang='lat' dir='ltr'>supra</span> <span class='ocrx_word' id='word_1_125' title='bbox 880 3081 1025 3155; x_wconf 86' lang='lat' dir='ltr'>laudatis</span> <span class='ocrx_word' id='word_1_126' title='bbox 1040 3082 1122 3157; x_wconf 84' lang='lat' dir='ltr'>satis</span> 
     </span>
     <span class='ocr_line' id='line_1_23' title="bbox 232 3195 1120 3302; baseline 0.001 -32"><span class='ocrx_word' id='word_1_127' title='bbox 232 3279 246 3302; x_wconf 36' lang='lat'><em>1</em></span> <span class='ocrx_word' id='word_1_128' title='bbox 266 3221 435 3295; x_wconf 86' lang='lat' dir='ltr'>apparere</span> <span class='ocrx_word' id='word_1_129' title='bbox 444 3195 562 3270; x_wconf 90' lang='lat' dir='ltr'>credo.</span> <span class='ocrx_word' id='word_1_130' title='bbox 574 3197 684 3297; x_wconf 84' lang='lat' dir='ltr'>Quod</span> <span class='ocrx_word' id='word_1_131' title='bbox 694 3197 721 3270; x_wconf 92' lang='lat' dir='ltr'>si</span> <span class='ocrx_word' id='word_1_132' title='bbox 733 3197 948 3271; x_wconf 91' lang='lat' dir='ltr'>nihilominus</span> <span class='ocrx_word' id='word_1_133' title='bbox 960 3197 1120 3272; x_wconf 81' lang='lat' dir='ltr'>Damiani</span> 
     </span>
     <span class='ocr_line' id='line_1_24' title="bbox 265 3310 1120 3410; baseline 0.001 -24"><span class='ocrx_word' id='word_1_134' title='bbox 265 3312 499 3409; x_wconf 90' lang='lat' dir='ltr'>suspicionem</span> <span class='ocrx_word' id='word_1_135' title='bbox 514 3336 633 3386; x_wconf 86' lang='lat' dir='ltr'>vanam</span> <span class='ocrx_word' id='word_1_136' title='bbox 649 3313 753 3386; x_wconf 89' lang='lat' dir='ltr'>luisse</span> <span class='ocrx_word' id='word_1_137' title='bbox 764 3312 863 3386; x_wconf 92' lang='lat' dir='ltr'>nobis</span> <span class='ocrx_word' id='word_1_138' title='bbox 874 3310 1120 3410; x_wconf 87' lang='lat' dir='ltr'>persuademus</span> 
     </span>
     <span class='ocr_line' id='line_1_25' title="bbox 267 3427 1119 3525; baseline 0.002 -26"><span class='ocrx_word' id='word_1_139' title='bbox 267 3452 371 3502; x_wconf 87' lang='lat' dir='ltr'>nemo</span> <span class='ocrx_word' id='word_1_140' title='bbox 398 3453 461 3501; x_wconf 92' lang='lat' dir='ltr'>nos</span> <span class='ocrx_word' id='word_1_141' title='bbox 487 3427 703 3525; x_wconf 80' lang='lat' dir='ltr'>vituperabit,</span> <span class='ocrx_word' id='word_1_142' title='bbox 732 3427 789 3525; x_wconf 92' lang='lat' dir='ltr'>qui</span> <span class='ocrx_word' id='word_1_143' title='bbox 817 3428 849 3500; x_wconf 92' lang='lat' dir='ltr'>in</span> <span class='ocrx_word' id='word_1_144' title='bbox 868 3431 970 3502; x_wconf 84' lang='lat' dir='ltr'>lsotae</span> <span class='ocrx_word' id='word_1_145' title='bbox 989 3427 1119 3518; x_wconf 87' lang='lat' dir='ltr'>litteris,</span> 
     </span>
    </p>
   </div>
   <div class='ocr_carea' id='block_1_3' title="bbox 266 3542 1120 3643">
    <p class='ocr_par' dir='ltr' id='par_1_3' title="bbox 266 3542 1120 3643">
     <span class='ocr_line' id='line_1_26' title="bbox 266 3542 1120 3643; baseline -0.004 -23"><span class='ocrx_word' id='word_1_146' title='bbox 266 3568 409 3643; x_wconf 88' lang='lat' dir='ltr'>quarum</span> <span class='ocrx_word' id='word_1_147' title='bbox 426 3569 494 3618; x_wconf 93' lang='lat' dir='ltr'>non</span> <span class='ocrx_word' id='word_1_148' title='bbox 512 3568 636 3641; x_wconf 84' lang='lat' dir='ltr'>parvus</span> <span class='ocrx_word' id='word_1_149' title='bbox 653 3559 748 3618; x_wconf 86' lang='lat' dir='ltr'>extat</span> <span class='ocrx_word' id='word_1_150' title='bbox 761 3567 930 3633; x_wconf 90' lang='lat' dir='ltr'>numerus,</span> <span class='ocrx_word' id='word_1_151' title='bbox 950 3542 1031 3616; x_wconf 90' lang='lat' dir='ltr'>nihil</span> <span class='ocrx_word' id='word_1_152' title='bbox 1048 3568 1120 3639; x_wconf 89' lang='lat' dir='ltr'>quo</span> 
     </span>
    </p>
   </div>
   <div class='ocr_carea' id='block_1_4' title="bbox 980 3685 1008 3731">
    <p class='ocr_par' dir='ltr' id='par_1_4' title="bbox 980 3685 1008 3731">
     <span class='ocr_line' id='line_1_27' title="bbox 980 3685 1008 3731; baseline 0 -25"><span class='ocrx_word' id='word_1_153' title='bbox 980 3685 1008 3731; x_wconf 69' lang='lat' dir='ltr'>c·</span> 
     </span>
    </p>
   </div>
   <div class='ocr_carea' id='block_1_5' title="bbox 0 0 1430 4694">
    <p class='ocr_par' dir='ltr' id='par_1_5' title="bbox 0 0 1430 4694">
     <span class='ocr_line' id='line_1_28' title="bbox 0 0 1430 4694; baseline 0 1"><span class='ocrx_word' id='word_1_154' title='bbox 0 0 1430 4694; x_wconf 95' lang='lat' dir='ltr'> </span> 
     </span>
    </p>
   </div>
  </div>
 </body>
</html>
