2850 4694
489 629 539 696 ¹95

87 783 370 860 nobilissimarum
380 785 500 860 artium
509 785 638 861 studiis.
652 787 732 859 Nec
741 785 935 859 verovelim

86 897 210 974 credas
232 925 288 974 me
312 902 357 974 ab
376 903 441 976 hac
459 900 620 976 laudabili
638 899 803 998 opinione
821 899 935 974 deter-

86 1012 184 1088 ritum
199 1039 276 1090 esse
291 1015 367 1115 ipso
380 1017 439 1091 illo
459 1016 671 1115 Pithagoreo
690 1015 854 1104 institut0‚
864 1014 934 1112 qui,

87 1143 121 1200 ut
146 1128 293 1227 epistola
318 1146 375 1204 tua
400 1130 569 1221 declaras,
591 1131 732 1204 iubebat
747 1128 935 1229 discipulos

84 1267 165 1318 suos
191 1269 259 1318 non
279 1245 387 1320 minus
404 1246 545 1320 biennio
562 1261 689 1320 tacere.
713 1247 769 1319 Te
786 1268 934 1344 namque
967 1277 977 1329 t

83 1359 160 1434 scio
167 1361 362 1459 peroptime
371 1363 500 1436 habere
510 1378 725 1460 compertum
735 1385 804 1434 non
814 1385 935 1459 quent·

83 1474 269 1550 admodum
297 1476 329 1550 in
349 1476 568 1577 philosophia
584 1478 635 1552 sic
654 1478 794 1550 multum
811 1475 934 1550 allerre

84 1590 117 1664 in
144 1593 210 1666 hac
233 1609 346 1666 nostra
363 1592 503 1667 dicendi
522 1592 683 1668 facultate
701 1590 873 1667 assiduum
891 1615 934 1666 ac

83 1705 277 1780 diuturnum
291 1707 458 1782 adhibere
471 1726 507 1783 et
525 1707 556 1781 in
576 1706 830 1807 pronuntiando
847 1723 883 1781 et
900 1706 932 1780 in

81 1821 269 1897 scribendo
293 1822 473 1897 silentium.
502 1822 670 1925 Quamvis
695 1822 786 1896 eninr
822 1846 979 1920 propero

81 1937 145 2013 soli
162 1937 301 2013 dicendi
311 1937 798 2029 artilicio,cunraceterisnon
808 1939 933 2011 abhor-

82 2072 206 2145 rescat,
224 2055 464 2154 pronuntiandi
482 2073 587 2153 atque
608 2053 781 2129 scribendi
799 2053 933 2128 exerci-

83 2170 167 2244 tatio
180 2195 350 2246 concessa
363 2171 406 2246 sit
418 2195 461 2246 ac
478 2170 651 2260 dedicata,
666 2188 779 2245 tanuen
799 2169 831 2242 in
849 2169 932 2244 scri-

83 2285 200 2360 bendo
227 2287 414 2386 principue,
441 2312 513 2385 quo
531 2286 630 2362 nobis
661 2286 782 2361 mentis
812 2285 932 2359 intuitu

83 2403 317 2500 quaerentibus
339 2420 484 2503 totoque
507 2402 631 2503 ingenii
649 2402 808 2478 acumine
825 2427 932 2477 exeo
949 2432 974 2482 rt

80 2516 266 2614 gitantibus
279 2543 401 2593 omnes
412 2518 621 2618 gravissimae
634 2517 814 2593 sententiae
827 2534 932 2617 atque

82 2633 221 2708 illustria
229 2635 335 2708 verba
353 2660 415 2732 per
431 2660 470 2710 se
488 2635 561 2735 ipsa
577 2634 724 2709 ollerunt
740 2650 776 2708 et
789 2658 857 2707 non
871 2659 932 2708 vo

81 2764 161 2823 cata
178 2749 400 2847 respondent,
411 2749 455 2824 ad
474 2752 563 2825 hanc
580 2749 719 2824 dicendi
737 2767 844 2824 artent
863 2774 931 2824 non

129 2950 164 3012 (ι)
181 2951 285 2999 nobllsa.
305 2951 335 3010 c,
355 2952 476 3002 nobilllsa.
499 2954 527 3002 V.
565 2953 623 3003 llec
637 2953 667 3007 G
687 2953 747 3002 Hoc
763 2952 800 3002 Μ.
826 2951 861 3014 (ι)
881 2951 933 3015 plo

82 3037 132 3093 teg.
161 3029 191 3089 C,
221 3031 296 3094 pltag.
327 3032 360 3090 G,
392 3032 546 3096 pithagoroo
573 3033 611 3083 M.
667 3032 701 3097 (4)
725 3032 838 3082 declarat
866 3033 930 3082 GM.

82 3107 117 3170 (ς)
135 3108 223 3158 bienio
243 3109 271 3157 V.
313 3109 348 3172 (7)
373 3110 471 3174 phyloa.
497 3112 527 3162 G
562 3111 596 3174 (ll)
620 3113 746 3162 assiduam
770 3111 826 3175 (ont.
852 3124 883 3161 ac
904 3111 931 3160 d.

81 3186 153 3249 adh.)
181 3188 211 3239 C.
246 3197 272 3238 et
290 3190 323 3238 G.
374 3188 408 3251 (9)
438 3205 562 3254 pronunc.
592 3193 650 3242 GV.
705 3205 744 3254 pr.
771 3199 797 3240 et
823 3191 846 3239 in
874 3204 933 3253 pro

82 3268 225 3319 nunciando
249 3278 276 3318 et
301 3270 325 3318 in
349 3283 399 3320 scr.
423 3271 456 3320 G.
498 3272 521 3319 in
537 3286 583 3321 om.
603 3272 633 3323 C.
674 3270 725 3334 (ιο)
741 3271 882 3322 scilentium
900 3271 930 3321 G

81 3348 189 3411 proprie
206 3349 267 3398 CM.
302 3350 351 3413 (ιι.
373 3351 410 3414 ιι)
426 3352 582 3402 abhorreant
600 3353 661 3403 CM.
704 3351 753 3416 (ιι)
770 3352 810 3415 ac]
825 3360 852 3402 et
869 3353 930 3403 CM.

81 3427 132 3490 (¹⁴)
148 3428 274 3491 precipua
290 3430 323 3479 G.
357 3431 431 3481 vobis
447 3432 474 3480 V.
509 3433 558 3495 (ις.
574 3433 611 3495 16)
629 3432 828 3483 exercitantibua
844 3431 874 3492 C,
891 3445 933 3482 ex·

81 3507 241 3570 cogitacione
258 3508 287 3572 (l)
305 3510 338 3566 G,
363 3511 566 3575 excogitantibus
584 3513 623 3564 Μ.
657 3512 705 3575 (17.
726 3512 764 3576 18)
781 3519 873 3563 vocatu
897 3513 930 3572 G,

80 3588 181 3638 vocatie
192 3589 230 3650 Μ,
248 3598 337 3641 vacala
357 3592 384 3641 V.

781 3701 824 3761 η’
