2850 4694
857 604 891 661 ¹4

445 772 530 831 rent
558 756 628 830 Sed
647 756 701 830 hei
719 757 812 848 mihi,
839 783 940 856 quam
958 784 1027 856 ego
1048 758 1191 832 stolidus
1222 742 1296 831 lue·

445 873 534 947 raml
564 872 729 947 Nondum
756 873 931 947 mulierum
959 873 1094 972 ingenia
1119 899 1296 972 cognove-

445 1011 528 1077 ram,
547 988 698 1062 nondum
716 1013 778 1062 vos
796 988 1011 1063 doctissimas
1033 989 1190 1087 virgines,
1211 1015 1295 1062 non-

444 1102 525 1177 dum
556 1129 618 1177 vos
646 1103 775 1202 Virgilii
809 1121 845 1178 et
878 1104 1081 1201 reliquarum
1118 1106 1294 1178 Musarum

418 1220 596 1300 calumnas
614 1243 868 1317 perspexeram.
897 1219 1068 1319 Quotidie
1094 1221 1202 1293 colles
1221 1219 1295 1293 illos

444 1358 534 1431 quos
563 1334 796 1409 amoenissime
818 1335 1084 1432 peragrabamus
1110 1334 1293 1424 benedico,

444 1449 600 1546 quotidie
633 1450 796 1524 collaudo
835 1450 921 1524 retia
958 1450 1024 1538 illa,
1065 1475 1172 1548 penes
1215 1475 1294 1548 quae

443 1563 541 1639 simul
558 1591 626 1663 ego
644 1565 821 1640 vobiscum
840 1564 966 1640 sedens
980 1591 1048 1639 non
1063 1583 1130 1639 tam
1145 1566 1294 1640 aviculas

444 1705 546 1778 quam
564 1681 747 1755 amicitiam
773 1699 919 1755 vestram
941 1706 1074 1779 vosque
1092 1682 1124 1754 in
1143 1682 1293 1755 omnium

401 1828 431 1864 ιο
442 1796 580 1871 aliarum
600 1797 775 1871 mulierum
793 1814 1031 1896 contemptum
1049 1815 1169 1872 ornatu
1187 1798 1294 1872 diser-

442 1911 574 1987 tissimo
602 1913 847 2011 splendescere
872 1939 946 1987 sum
964 1931 1167 2011 aucupatus,
1185 1931 1221 1987 et
1239 1940 1293 1986 me

442 2053 512 2102 non
530 2031 662 2126 pollere
689 2030 851 2103 facultate
876 2029 1026 2119 dicendi,
1053 2030 1115 2104 sed
1134 2055 1178 2104 ne
1196 2031 1293 2104 vobis

442 2143 581 2241 quidem
609 2145 741 2219 eximiis
769 2144 952 2243 virginibus
982 2163 1155 2243 tamquam
1188 2147 1293 2220 hosti-

442 2277 592 2334 mentum
615 2260 729 2334 offerri
747 2286 860 2359 posse.
896 2261 1005 2335 Vobis
1039 2288 1131 2336 nunc
1164 2262 1291 2339 scribo,

401 2409 425 2460 ις
441 2375 505 2449 sed
522 2376 630 2474 pudet
655 2394 751 2450 certe
777 2377 973 2466 litterarum,
1000 2401 1089 2465 nam,
1117 2396 1153 2451 ut
1179 2379 1292 2466 video,

441 2489 529 2564 inter
554 2491 693 2566 easdem
725 2518 793 2591 ego
818 2493 995 2567 sordesco.
1030 2495 1111 2566 Non
1138 2493 1290 2568 desinam

441 2622 574 2696 tamen;
594 2609 658 2682 sub
670 2625 783 2683 vestra
799 2608 986 2683 studiorum
1003 2610 1121 2682 umbra
1135 2612 1291 2684 claruero

442 2721 594 2797 fortassis
611 2742 647 2797 et
672 2725 779 2798 ceteri
805 2741 919 2798 vestro
945 2723 1153 2812 testimonio,
1180 2742 1291 2798 vestra

440 2838 646 2913 auctoritate
659 2838 822 2914 disertum
836 2841 1068 2938 appellabunt
1084 2841 1210 2913 Verum
1222 2841 1290 2912 hoc

397 2990 428 3026 20
440 2953 570 3051 pacisci
604 2955 783 3029 vobiscum
817 2954 929 3044 velim,
961 2979 1005 3028 ne
1035 2954 1162 3028 litteras
1197 2979 1289 3028 meas

485 3162 520 3228 (1)
537 3166 587 3215 heu
605 3167 661 3227 CG,
681 3168 730 3230 hey
747 3168 785 3217 Μ.
819 3167 852 3230 (ι)
870 3167 992 3217 Nondum
1005 3167 1035 3216 C.
1069 3167 1238 3229 cogitaveram
1250 3167 1287 3214 M.

440 3245 552 3295 nundum
578 3247 607 3296 G
642 3247 710 3310 (m)
734 3247 844 3297 nondum
859 3261 906 3296 vos
919 3261 965 3295 om.
985 3248 1015 3297 G
1050 3245 1083 3310 (ς)
1105 3248 1235 3308 alumpnus
1258 3246 1287 3293 C.

439 3338 529 3388 prosp.
546 3326 607 3376 CM.
641 3327 839 3390 quottidieGV,
851 3327 959 3377 cottidie
970 3328 1007 3377 M.
1021 3329 1092 3375 coles
1108 3327 1134 3373 V.
1169 3324 1289 3387 (quuot-

438 3403 502 3454 tidie
517 3406 575 3465 GV,
593 3406 700 3456 cottidie
717 3407 755 3456 Μ.
789 3407 870 3456 rethia
885 3408 917 3465 G,
937 3406 1000 3455 retia
1017 3406 1057 3455 illa
1073 3406 1121 3455 &c-
1145 3406 1182 3461 M,
1199 3403 1222 3452 t'n
1244 3419 1289 3467 quo

438 3482 499 3534 sicut
513 3483 584 3534 mam
597 3482 622 3534 in
640 3487 665 3535 G
680 3485 729 3535 rell.
753 3486 844 3535 derunt
897 3485 931 3547 (9)
945 3486 1012 3535 omni
1029 3485 1059 3535 C.
1094 3483 1143 3547 (ις)
1166 3485 1223 3546 litt}
1248 3486 1289 3533 ha·

440 3578 494 3613 rum
511 3565 538 3613 V.
571 3565 622 3629 (17)
638 3574 688 3615 tam
705 3567 731 3614 V.
