<?xml version="1.0" encoding="UTF-8"?>
<!DOCTYPE html PUBLIC "-//W3C//DTD XHTML 1.0 Transitional//EN"
    "http://www.w3.org/TR/xhtml1/DTD/xhtml1-transitional.dtd">
<html xmlns="http://www.w3.org/1999/xhtml" xml:lang="en" lang="en">
 <head>
  <title>
</title>
<meta http-equiv="Content-Type" content="text/html;charset=utf-8" />
  <meta name='ocr-system' content='tesseract 3.04.00' />
  <meta name='ocr-capabilities' content='ocr_page ocr_carea ocr_par ocr_line ocrx_word'/>
</head>
<body>
  <div class='ocr_page' id='page_1' title='image "./isotnogarolvero00nogagoog/isotnogarolvero00nogagoog_0441.png"; bbox 0 0 2850 4694; ppageno 0'>
   <div class='ocr_carea' id='block_1_1' title="bbox 619 920 769 993">
    <p class='ocr_par' dir='ltr' id='par_1_1' title="bbox 619 920 769 993">
     <span class='ocr_line' id='line_1_1' title="bbox 619 920 769 993; baseline 0 -1"><span class='ocrx_word' id='word_1_1' title='bbox 619 920 769 993; x_wconf 77' lang='lat' dir='ltr'><strong>XLVIII.</strong></span> 
     </span>
    </p>
   </div>
   <div class='ocr_carea' id='block_1_2' title="bbox 370 1227 1010 1292">
    <p class='ocr_par' dir='ltr' id='par_1_2' title="bbox 370 1227 1010 1292">
     <span class='ocr_line' id='line_1_2' title="bbox 370 1227 1010 1292; baseline 0.002 -14"><span class='ocrx_word' id='word_1_2' title='bbox 370 1227 503 1291; x_wconf 75' lang='lat' dir='ltr'>(venetiis,</span> <span class='ocrx_word' id='word_1_3' title='bbox 521 1228 565 1277; x_wconf 83' lang='lat' dir='ltr'>die</span> <span class='ocrx_word' id='word_1_4' title='bbox 581 1228 654 1278; x_wconf 83' lang='grc' dir='ltr'><strong>ΧΙΧ.</strong></span> <span class='ocrx_word' id='word_1_5' title='bbox 670 1229 763 1279; x_wconf 76' lang='lat' dir='ltr'>mansis</span> <span class='ocrx_word' id='word_1_6' title='bbox 779 1229 873 1292; x_wconf 69' lang='lat' dir='ltr'>Aprilis</span> <span class='ocrx_word' id='word_1_7' title='bbox 886 1243 909 1279; x_wconf 70' lang='grc' dir='ltr'>ι</span> <span class='ocrx_word' id='word_1_8' title='bbox 931 1228 1010 1290; x_wconf 72' lang='lat'>1440.)</span> 
     </span>
    </p>
   </div>
   <div class='ocr_carea' id='block_1_3' title="bbox 265 1505 1116 1721">
    <p class='ocr_par' dir='ltr' id='par_1_3' title="bbox 265 1505 1116 1721">
     <span class='ocr_line' id='line_1_3' title="bbox 265 1505 1116 1604; baseline 0 -24"><span class='ocrx_word' id='word_1_9' title='bbox 265 1508 454 1580; x_wconf 82' lang='lat' dir='ltr'>Damtaaus</span> <span class='ocrx_word' id='word_1_10' title='bbox 469 1511 593 1604; x_wconf 80' lang='lat' dir='ltr'>Bargus</span> <span class='ocrx_word' id='word_1_11' title='bbox 612 1505 801 1580; x_wconf 76' lang='lat' dir='ltr'>Veronensis</span> <span class='ocrx_word' id='word_1_12' title='bbox 817 1505 992 1580; x_wconf 73' lang='lat' dir='ltr'>clarissim</span> <span class='ocrx_word' id='word_1_13' title='bbox 1009 1515 1042 1580; x_wconf 82' lang='lat' dir='ltr'>et</span> <span class='ocrx_word' id='word_1_14' title='bbox 1056 1530 1116 1580; x_wconf 87' lang='lat' dir='ltr'>ex-</span> 
     </span>
     <span class='ocr_line' id='line_1_4' title="bbox 265 1620 1114 1721; baseline -0.001 -25"><span class='ocrx_word' id='word_1_15' title='bbox 265 1620 393 1696; x_wconf 77' lang='lat' dir='ltr'>cellenti</span> <span class='ocrx_word' id='word_1_16' title='bbox 406 1621 517 1720; x_wconf 76' lang='lat' dir='ltr'>virgini</span> <span class='ocrx_word' id='word_1_17' title='bbox 530 1624 616 1696; x_wconf 81' lang='lat' dir='ltr'>Isote</span> <span class='ocrx_word' id='word_1_18' title='bbox 628 1621 794 1720; x_wconf 81' lang='lat' dir='ltr'>Nagarole</span> <span class='ocrx_word' id='word_1_19' title='bbox 813 1647 850 1696; x_wconf 85' lang='lat' dir='ltr'>se</span> <span class='ocrx_word' id='word_1_20' title='bbox 867 1621 914 1721; x_wconf 79' lang='lat' dir='ltr'>pl.</span> <span class='ocrx_word' id='word_1_21' title='bbox 934 1622 1114 1696; x_wconf 78' lang='lat' dir='ltr'>comandat.</span> 
     </span>
    </p>
   </div>
   <div class='ocr_carea' id='block_1_4' title="bbox 265 1905 1263 2261">
    <p class='ocr_par' dir='ltr' id='par_1_4' title="bbox 265 1905 1263 2261">
     <span class='ocr_line' id='line_1_5' title="bbox 265 1905 1159 2261; baseline -0.003 -254"><span class='ocrx_word' id='word_1_22' title='bbox 265 1905 574 2261; x_wconf 48' lang='lat' dir='ltr'>&amp;usuro</span> <span class='ocrx_word' id='word_1_23' title='bbox 601 1931 660 2006; x_wconf 92' lang='lat' dir='ltr'>tibi</span> <span class='ocrx_word' id='word_1_24' title='bbox 687 1931 828 2030; x_wconf 88' lang='lat' dir='ltr'>propius</span> <span class='ocrx_word' id='word_1_25' title='bbox 850 1930 986 2006; x_wconf 83' lang='lat' dir='ltr'>accedo</span> <span class='ocrx_word' id='word_1_26' title='bbox 1017 1947 1113 2005; x_wconf 89' lang='lat' dir='ltr'>tanto</span> <span class='ocrx_word' id='word_1_27' title='bbox 1149 1967 1159 2017; x_wconf 71' lang='grc' dir='ltr'><strong>ς</strong></span> 
     </span>
     <span class='ocr_line' id='line_1_6' title="bbox 469 2046 1263 2146; baseline 0.004 -27"><span class='ocrx_word' id='word_1_28' title='bbox 469 2046 602 2145; x_wconf 89' lang='lat' dir='ltr'>longius</span> <span class='ocrx_word' id='word_1_29' title='bbox 620 2072 676 2121; x_wconf 86' lang='lat' dir='ltr'>me</span> <span class='ocrx_word' id='word_1_30' title='bbox 694 2046 781 2146; x_wconf 86' lang='lat' dir='ltr'>sugis</span> <span class='ocrx_word' id='word_1_31' title='bbox 794 2063 830 2122; x_wconf 91' lang='lat' dir='ltr'>et</span> <span class='ocrx_word' id='word_1_32' title='bbox 843 2048 1001 2122; x_wconf 86' lang='lat' dir='ltr'>obtussas</span> <span class='ocrx_word' id='word_1_33' title='bbox 1014 2071 1114 2122; x_wconf 89' lang='lat' dir='ltr'>aures</span> <span class='ocrx_word' id='word_1_34' title='bbox 1257 2062 1263 2075; x_wconf 85' lang='grc'><strong>“</strong></span> 
     </span>
     <span class='ocr_line' id='line_1_7' title="bbox 468 2163 1114 2261; baseline -0.002 -24"><span class='ocrx_word' id='word_1_35' title='bbox 468 2163 601 2238; x_wconf 90' lang='lat' dir='ltr'>avertis.</span> <span class='ocrx_word' id='word_1_36' title='bbox 648 2165 729 2236; x_wconf 89' lang='lat' dir='ltr'>Non</span> <span class='ocrx_word' id='word_1_37' title='bbox 773 2163 879 2261; x_wconf 84' lang='lat' dir='ltr'>magis</span> <span class='ocrx_word' id='word_1_38' title='bbox 917 2179 953 2237; x_wconf 92' lang='lat' dir='ltr'>ut</span> <span class='ocrx_word' id='word_1_39' title='bbox 986 2163 1114 2237; x_wconf 84' lang='lat' dir='ltr'>litteras</span> 
     </span>
    </p>
   </div>
   <div class='ocr_carea' id='block_1_5' title="bbox 263 2277 1162 3647">
    <p class='ocr_par' dir='ltr' id='par_1_5' title="bbox 263 2277 1162 3647">
     <span class='ocr_line' id='line_1_8' title="bbox 266 2277 1115 2378; baseline 0 -26"><span class='ocrx_word' id='word_1_40' title='bbox 266 2303 360 2355; x_wconf 85' lang='lat' dir='ltr'>meas</span> <span class='ocrx_word' id='word_1_41' title='bbox 385 2304 487 2377; x_wconf 86' lang='lat' dir='ltr'>quarn</span> <span class='ocrx_word' id='word_1_42' title='bbox 513 2304 569 2354; x_wconf 88' lang='lat' dir='ltr'>me</span> <span class='ocrx_word' id='word_1_43' title='bbox 595 2278 703 2377; x_wconf 88' lang='lat' dir='ltr'>ipsum</span> <span class='ocrx_word' id='word_1_44' title='bbox 727 2279 890 2378; x_wconf 83' lang='lat' dir='ltr'><strong>negligas,</strong></span> <span class='ocrx_word' id='word_1_45' title='bbox 908 2277 1004 2376; x_wconf 91' lang='lat' dir='ltr'>quod</span> <span class='ocrx_word' id='word_1_46' title='bbox 1035 2303 1115 2376; x_wconf 88' lang='lat' dir='ltr'>pro-</span> 
     </span>
     <span class='ocr_line' id='line_1_9' title="bbox 267 2392 1115 2491; baseline 0 -25"><span class='ocrx_word' id='word_1_47' title='bbox 267 2393 361 2468; x_wconf 84' lang='lat' dir='ltr'>fecto</span> <span class='ocrx_word' id='word_1_48' title='bbox 387 2410 501 2469; x_wconf 86' lang='lat' dir='ltr'>tecum</span> <span class='ocrx_word' id='word_1_49' title='bbox 529 2418 598 2467; x_wconf 91' lang='lat' dir='ltr'>non</span> <span class='ocrx_word' id='word_1_50' title='bbox 621 2393 738 2484; x_wconf 88' lang='lat' dir='ltr'>merui,</span> <span class='ocrx_word' id='word_1_51' title='bbox 756 2392 876 2491; x_wconf 84' lang='lat' dir='ltr'><strong>scripsi</strong></span> <span class='ocrx_word' id='word_1_52' title='bbox 895 2417 939 2466; x_wconf 88' lang='lat' dir='ltr'>ex</span> <span class='ocrx_word' id='word_1_53' title='bbox 957 2418 1029 2491; x_wconf 92' lang='lat' dir='ltr'>quo</span> <span class='ocrx_word' id='word_1_54' title='bbox 1045 2395 1115 2466; x_wconf 94' lang='lat' dir='ltr'>Ve-</span> 
     </span>
     <span class='ocr_line' id='line_1_10' title="bbox 266 2508 1162 2608; baseline -0.001 -27"><span class='ocrx_word' id='word_1_55' title='bbox 266 2508 375 2583; x_wconf 84' lang='lat' dir='ltr'>netias</span> <span class='ocrx_word' id='word_1_56' title='bbox 399 2508 476 2584; x_wconf 91' lang='lat' dir='ltr'>veni</span> <span class='ocrx_word' id='word_1_57' title='bbox 502 2508 547 2582; x_wconf 87' lang='lat' dir='ltr'>ad</span> <span class='ocrx_word' id='word_1_58' title='bbox 565 2524 600 2583; x_wconf 96' lang='lat' dir='ltr'>te</span> <span class='ocrx_word' id='word_1_59' title='bbox 618 2509 669 2582; x_wconf 93' lang='lat' dir='ltr'>bis</span> <span class='ocrx_word' id='word_1_60' title='bbox 687 2526 810 2607; x_wconf 89' lang='lat' dir='ltr'>terque</span> <span class='ocrx_word' id='word_1_61' title='bbox 827 2526 1030 2608; x_wconf 85' lang='lat' dir='ltr'>quaterque,</span> <span class='ocrx_word' id='word_1_62' title='bbox 1049 2533 1115 2583; x_wconf 88' lang='lat' dir='ltr'>nec</span> <span class='ocrx_word' id='word_1_63' title='bbox 1132 2544 1162 2581; x_wconf 83' lang='grc' dir='ltr'>ιο</span> 
     </span>
     <span class='ocr_line' id='line_1_11' title="bbox 266 2623 1115 2723; baseline 0.002 -26"><span class='ocrx_word' id='word_1_64' title='bbox 266 2624 390 2699; x_wconf 89' lang='lat' dir='ltr'>totiens</span> <span class='ocrx_word' id='word_1_65' title='bbox 412 2624 539 2723; x_wconf 80' lang='lat' dir='ltr'>profuit</span> <span class='ocrx_word' id='word_1_66' title='bbox 565 2649 647 2700; x_wconf 89' lang='lat' dir='ltr'>unas</span> <span class='ocrx_word' id='word_1_67' title='bbox 672 2625 734 2699; x_wconf 88' lang='lat' dir='ltr'>abs</span> <span class='ocrx_word' id='word_1_68' title='bbox 764 2641 799 2699; x_wconf 92' lang='lat' dir='ltr'>te</span> <span class='ocrx_word' id='word_1_69' title='bbox 829 2648 933 2722; x_wconf 87' lang='lat' dir='ltr'>posse</span> <span class='ocrx_word' id='word_1_70' title='bbox 963 2623 1115 2699; x_wconf 84' lang='lat' dir='ltr'>eximere</span> 
     </span>
     <span class='ocr_line' id='line_1_12' title="bbox 264 2726 1114 2838; baseline 0.001 -26"><span class='ocrx_word' id='word_1_71' title='bbox 264 2738 402 2815; x_wconf 81' lang='lat' dir='ltr'>litteras.</span> <span class='ocrx_word' id='word_1_72' title='bbox 432 2742 512 2815; x_wconf 91' lang='lat' dir='ltr'>Nec</span> <span class='ocrx_word' id='word_1_73' title='bbox 538 2764 624 2837; x_wconf 87' lang='lat' dir='ltr'>quas</span> <span class='ocrx_word' id='word_1_74' title='bbox 644 2739 765 2838; x_wconf 88' lang='lat' dir='ltr'>scripsi</span> <span class='ocrx_word' id='word_1_75' title='bbox 782 2739 858 2814; x_wconf 89' lang='lat' dir='ltr'>scio</span> <span class='ocrx_word' id='word_1_76' title='bbox 875 2726 1008 2815; x_wconf 86' lang='lat' dir='ltr'>errasse</span> <span class='ocrx_word' id='word_1_77' title='bbox 1026 2738 1114 2813; x_wconf 91' lang='lat' dir='ltr'>litte-</span> 
     </span>
     <span class='ocr_line' id='line_1_13' title="bbox 265 2854 1113 2956; baseline 0.002 -29"><span class='ocrx_word' id='word_1_78' title='bbox 265 2877 330 2945; x_wconf 86' lang='lat' dir='ltr'>ras,</span> <span class='ocrx_word' id='word_1_79' title='bbox 355 2854 418 2929; x_wconf 88' lang='lat' dir='ltr'>sed</span> <span class='ocrx_word' id='word_1_80' title='bbox 444 2854 509 2929; x_wconf 88' lang='lat' dir='ltr'>tuis</span> <span class='ocrx_word' id='word_1_81' title='bbox 534 2872 654 2953; x_wconf 88' lang='lat' dir='ltr'>captas</span> <span class='ocrx_word' id='word_1_82' title='bbox 681 2855 835 2931; x_wconf 87' lang='lat' dir='ltr'>manibus</span> <span class='ocrx_word' id='word_1_83' title='bbox 857 2854 963 2930; x_wconf 87' lang='lat' dir='ltr'>uncis.</span> <span class='ocrx_word' id='word_1_84' title='bbox 996 2857 1113 2956; x_wconf 87' lang='lat' dir='ltr'>Quam</span> 
     </span>
     <span class='ocr_line' id='line_1_14' title="bbox 264 2970 1113 3069; baseline 0 -24"><span class='ocrx_word' id='word_1_85' title='bbox 264 2971 313 3045; x_wconf 92' lang='lat' dir='ltr'>ob</span> <span class='ocrx_word' id='word_1_86' title='bbox 330 2996 401 3045; x_wconf 88' lang='lat' dir='ltr'>rem</span> <span class='ocrx_word' id='word_1_87' title='bbox 419 2970 500 3069; x_wconf 89' lang='lat' dir='ltr'>quia</span> <span class='ocrx_word' id='word_1_88' title='bbox 517 2970 620 3044; x_wconf 88' lang='lat' dir='ltr'>miror</span> <span class='ocrx_word' id='word_1_89' title='bbox 642 2970 707 3044; x_wconf 88' lang='lat' dir='ltr'>tuis</span> <span class='ocrx_word' id='word_1_90' title='bbox 724 2970 842 3045; x_wconf 85' lang='lat' dir='ltr'>litteris</span> <span class='ocrx_word' id='word_1_91' title='bbox 860 2995 965 3068; x_wconf 88' lang='lat' dir='ltr'>posse</span> <span class='ocrx_word' id='word_1_92' title='bbox 982 2994 1113 3061; x_wconf 87' lang='lat' dir='ltr'>carere,</span> 
     </span>
     <span class='ocr_line' id='line_1_15' title="bbox 263 3084 1157 3185; baseline 0.002 -24"><span class='ocrx_word' id='word_1_93' title='bbox 263 3085 363 3161; x_wconf 87' lang='lat' dir='ltr'>statui</span> <span class='ocrx_word' id='word_1_94' title='bbox 382 3085 468 3161; x_wconf 87' lang='lat' dir='ltr'>istuc</span> <span class='ocrx_word' id='word_1_95' title='bbox 486 3086 561 3184; x_wconf 90' lang='lat' dir='ltr'>ipse</span> <span class='ocrx_word' id='word_1_96' title='bbox 578 3086 705 3178; x_wconf 87' lang='lat' dir='ltr'>venire,</span> <span class='ocrx_word' id='word_1_97' title='bbox 726 3103 760 3160; x_wconf 92' lang='lat' dir='ltr'>ut</span> <span class='ocrx_word' id='word_1_98' title='bbox 778 3103 813 3162; x_wconf 91' lang='lat' dir='ltr'>te</span> <span class='ocrx_word' id='word_1_99' title='bbox 834 3084 1113 3185; x_wconf 76' lang='lat' dir='ltr'>expergefaciam</span> <span class='ocrx_word' id='word_1_100' title='bbox 1131 3124 1157 3175; x_wconf 76' lang='grc' dir='ltr'>ις</span> 
     </span>
     <span class='ocr_line' id='line_1_16' title="bbox 264 3201 1111 3278; baseline 0 -2"><span class='ocrx_word' id='word_1_101' title='bbox 264 3218 300 3277; x_wconf 92' lang='lat' dir='ltr'>et</span> <span class='ocrx_word' id='word_1_102' title='bbox 324 3201 369 3276; x_wconf 88' lang='lat' dir='ltr'>ad</span> <span class='ocrx_word' id='word_1_103' title='bbox 394 3202 614 3277; x_wconf 88' lang='lat' dir='ltr'>scribendum</span> <span class='ocrx_word' id='word_1_104' title='bbox 644 3202 720 3277; x_wconf 85' lang='lat' dir='ltr'>viva</span> <span class='ocrx_word' id='word_1_105' title='bbox 749 3202 907 3278; x_wconf 90' lang='lat' dir='ltr'>oratione</span> <span class='ocrx_word' id='word_1_106' title='bbox 936 3203 1111 3277; x_wconf 87' lang='lat' dir='ltr'>cohorter.</span> 
     </span>
     <span class='ocr_line' id='line_1_17' title="bbox 263 3317 1112 3417; baseline -0.004 -25"><span class='ocrx_word' id='word_1_107' title='bbox 263 3320 375 3416; x_wconf 90' lang='lat' dir='ltr'>Spero</span> <span class='ocrx_word' id='word_1_108' title='bbox 401 3343 550 3417; x_wconf 88' lang='lat' dir='ltr'>namque</span> <span class='ocrx_word' id='word_1_109' title='bbox 582 3318 671 3393; x_wconf 88' lang='lat' dir='ltr'>sicut</span> <span class='ocrx_word' id='word_1_110' title='bbox 696 3318 824 3394; x_wconf 85' lang='lat' dir='ltr'>litteras</span> <span class='ocrx_word' id='word_1_111' title='bbox 850 3343 919 3392; x_wconf 87' lang='lat' dir='ltr'>non</span> <span class='ocrx_word' id='word_1_112' title='bbox 958 3317 1112 3416; x_wconf 83' lang='lat' dir='ltr'>reppelli.</span> 
     </span>
     <span class='ocr_line' id='line_1_18' title="bbox 263 3431 1113 3531; baseline -0.005 -23"><span class='ocrx_word' id='word_1_113' title='bbox 263 3435 375 3531; x_wconf 82' lang='lat' dir='ltr'>Urget</span> <span class='ocrx_word' id='word_1_114' title='bbox 398 3433 489 3507; x_wconf 89' lang='lat' dir='ltr'>enim</span> <span class='ocrx_word' id='word_1_115' title='bbox 516 3432 688 3531; x_wconf 87' lang='lat' dir='ltr'>presentia</span> <span class='ocrx_word' id='word_1_116' title='bbox 714 3432 831 3507; x_wconf 88' lang='lat' dir='ltr'>Turni.</span> <span class='ocrx_word' id='word_1_117' title='bbox 871 3436 916 3506; x_wconf 81' lang='lat' dir='ltr'>At</span> <span class='ocrx_word' id='word_1_118' title='bbox 941 3431 968 3508; x_wconf 90' lang='lat' dir='ltr'>si</span> <span class='ocrx_word' id='word_1_119' title='bbox 995 3448 1029 3505; x_wconf 94' lang='lat' dir='ltr'>tu</span> <span class='ocrx_word' id='word_1_120' title='bbox 1057 3457 1113 3505; x_wconf 87' lang='lat' dir='ltr'>me</span> 
     </span>
     <span class='ocr_line' id='line_1_19' title="bbox 263 3546 1114 3647; baseline -0.001 -26"><span class='ocrx_word' id='word_1_121' title='bbox 263 3571 342 3621; x_wconf 88' lang='lat' dir='ltr'>curn</span> <span class='ocrx_word' id='word_1_122' title='bbox 374 3546 543 3646; x_wconf 82' lang='lat' dir='ltr'>genitrice</span> <span class='ocrx_word' id='word_1_123' title='bbox 577 3546 790 3647; x_wconf 83' lang='lat' dir='ltr'>despexeris,</span> <span class='ocrx_word' id='word_1_124' title='bbox 816 3547 984 3622; x_wconf 83' lang='lat' dir='ltr'>Antonius</span> <span class='ocrx_word' id='word_1_125' title='bbox 1010 3547 1114 3621; x_wconf 90' lang='lat' dir='ltr'>srater</span> 
     </span>
    </p>
   </div>
   <div class='ocr_carea' id='block_1_6' title="bbox 963 3689 1004 3748">
    <p class='ocr_par' dir='ltr' id='par_1_6' title="bbox 963 3689 1004 3748">
     <span class='ocr_line' id='line_1_20' title="bbox 963 3689 1004 3748; baseline 0 -11"><span class='ocrx_word' id='word_1_126' title='bbox 963 3689 1004 3748; x_wconf 80' lang='lat'>17·</span> 
     </span>
    </p>
   </div>
   <div class='ocr_carea' id='block_1_7' title="bbox 0 0 1430 4694">
    <p class='ocr_par' dir='ltr' id='par_1_7' title="bbox 0 0 1430 4694">
     <span class='ocr_line' id='line_1_21' title="bbox 0 0 1430 4694; baseline 0 0"><span class='ocrx_word' id='word_1_127' title='bbox 0 0 1430 4694; x_wconf 95' lang='lat' dir='ltr'> </span> 
     </span>
    </p>
   </div>
  </div>
 </body>
</html>
