2850 4694
719 585 772 629 112

354 737 415 797 Vos
428 737 546 809 etenim,
564 736 692 809 iuvenes,
710 736 839 798 animum
852 735 952 816 geritis
965 733 1140 797 muliebrem

356 833 467 915 {linque
480 835 561 914 virgo
573 833 634 894 riri.
690 868 693 873 ·

365 972 455 1044 Nam
474 994 563 1067 quos
580 968 727 1043 maxime
750 968 891 1044 studere
908 984 1060 1067 oportet,
1077 967 1099 1042 ii
1118 968 1168 1042 ni·

315 1085 434 1160 mirum
461 1086 586 1183 frigent
610 1108 653 1158 ac
677 1085 849 1160 somniant
873 1102 911 1159 et
939 1083 1021 1158 illud
1045 1084 1167 1158 summi

290 1234 299 1284 t
315 1202 500 1277 dedecoris
517 1226 594 1277 esse
611 1201 815 1275 existimant
828 1203 912 1302 Qua
924 1199 1065 1298 quidem
1078 1199 1112 1273 in
1130 1224 1168 1274 re

316 1344 384 1392 non
415 1342 532 1416 parurn
563 1315 791 1414 decipiuntur,
817 1315 913 1413 quod
938 1332 1063 1390 vestrae
1088 1339 1169 1413 pru·

315 1434 443 1509 dentiae
457 1432 656 1530 iudicioque
669 1431 837 1530 relinquo.
858 1431 956 1534 Quid
968 1431 1059 1505 enim
1078 1430 1168 1505 litte-

316 1550 359 1624 ris
385 1549 582 1647 praeclarius
612 1572 655 1622 ac
684 1546 864 1622 iocundius
891 1547 1062 1621 inventum
1089 1571 1168 1620 esse

315 1664 495 1740 dicemus?
529 1662 628 1765 Quid
657 1663 857 1738 honestius?
887 1661 985 1763 Quid
1015 1660 1169 1759 denique

273 1780 450 1855 inutilius?
489 1781 557 1853 Hae
592 1804 751 1876 numque,
788 1794 823 1852 ut
850 1776 956 1868 scitis,
987 1776 1169 1874 magnifica

316 1896 406 1970 mille
436 1920 600 1968 annorum
632 1894 785 1968 facinora
815 1893 1010 1967 acutissime
1038 1910 1075 1966 et
1099 1895 1169 1966 late

314 2012 503 2098 declarant,
537 2011 755 2107 variamque
786 2025 955 2106 praetereu
981 2007 1167 2096 civitatum,

316 2128 446 2200 urbium
457 2123 1167 2223 regionumquegeneradocent‚uteadem

315 2243 388 2317 sere
422 2241 569 2340 propriis
603 2242 810 2314 intueremur
837 2239 957 2315 oculis.
1003 2239 1169 2313 Diversu-

273 2392 298 2442 ις
315 2383 387 2430 rum
410 2357 460 2430 his
482 2357 633 2455 gentium
660 2381 773 2429 mores
801 2354 1019 2453 percipimus
1043 2355 1168 2451 quibus

314 2473 473 2546 omnibus
499 2488 648 2546 nostram
667 2469 921 2569 diligentissime
939 2469 1041 2542 vitam
1059 2468 1169 2542 corri-

313 2588 423 2687 gimus
440 2604 477 2661 et
494 2587 653 2661 meliores
668 2585 700 2659 in
715 2585 789 2660 dies
803 2587 907 2658 multa
924 2582 1073 2681 legendo
1088 2609 1169 2682 pru·

314 2703 560 2800 dentioresque
586 2727 669 2775 sane
691 2701 867 2775 efficimur.
899 2698 970 2774 Sed
987 2698 1071 2796 quid
1089 2700 1168 2773 haec

314 2819 406 2918 apud
416 2844 478 2893 vos
487 2818 580 2892 omni
589 2817 712 2892 virtute
722 2815 975 2915 praeditissimas
987 2814 1169 2913 loquendo

271 2960 519 3035 „prosequon
549 2934 645 3032 quasi
664 2959 744 3031 quae
765 2933 831 3007 iarn
857 2932 915 3007 diu
940 2956 1003 3006 vos
1028 2929 1168 3006 minime

315 3055 432 3142 latent,
459 3051 582 3126 eadem
608 3050 707 3124 vobis
733 3049 910 3124 declarare
932 3047 965 3121 in
983 3045 1168 3145 praesentiu

362 3228 396 3291 (ι)
414 3228 518 3288 etenim]
546 3235 573 3276 et
599 3228 626 3274 V.
668 3224 702 3290 (3)
730 3227 761 3286 hii
784 3226 814 3275 <2
859 3224 893 3288 (4)
916 3232 943 3273 et
966 3222 1110 3285 sompnient
1135 3222 1165 3272 C.

314 3308 347 3371 (4.
368 3309 390 3372 ς)
407 3308 538 3357 et-exist.
556 3320 602 3356 om.
621 3307 651 3356 G
686 3305 720 3369 (ς)
737 3306 842 3355 decoris
855 3306 881 3353 V.
917 3303 1074 3369 (8)ut]ut(2
1092 3304 1164 3353 ιον.

315 3387 557 3451 (14)intuereturG
592 3385 746 3450 (rrtnirsc
781 3383 948 3448 pereirnusc
983 3381 1165 3446 (rdicorig.i'.

315 3466 365 3531 (17)
389 3469 476 3527 mutu]
498 3467 572 3515 vitam
594 3467 621 3514 V.
648 3465 698 3528 (18)
716 3465 786 3526 quod
804 3465 836 3511 he
859 3464 886 3510 V.
933 3461 982 3525 (ru)
1002 3462 1112 3524 predict.
1136 3463 1165 3510 V.

316 3546 365 3609 (ιι)
375 3549 435 3595 lutet
447 3548 501 3596 CV.
