2850 4694
671 860 816 930 xxvtt.

408 1166 540 1227 (venetiis,
558 1166 602 1216 die
619 1167 702 1216 XXV.
721 1167 814 1217 mensis
828 1164 935 1217 ianuarii
950 1182 974 1217 a,
995 1168 1076 1229 1439.)

316 1444 475 1519 Nicolaus
516 1446 645 1519 Barbas
686 1447 786 1519 lsolm
819 1445 998 1543 Nogamla
1025 1447 1169 1520 Salutem

595 1560 769 1660 plurimam
793 1560 878 1635 aicit.

327 1887 333 1899 ¹
389 1864 413 1881 ‘¹
435 1869 459 1930 ³·
491 1896 682 1958 unmounm
712 1872 791 1944 mihi
811 1890 938 1969 praeter
963 1873 1165 1970 opinionem

357 2019 371 2039 ⁴²
438 1993 482 2064 ;“
514 2012 623 2060 meam
659 2012 876 2084 nequaquam
909 1987 1089 2071 acciderit,
1131 2007 1167 2063 ut

371 2131 418 2189 ,ς
457 2099 474 2163 ·“·ι
514 2102 602 2177 illam
638 2106 839 2199 praeclaram
866 2104 991 2201 ingenii
1023 2105 1070 2177 tui
1117 2107 1165 2179 in-

312 2219 429 2294 dolem
473 2243 536 2318 per
573 2216 732 2313 quaedam
773 2216 1033 2314 quodammodo
1069 2220 1166 2294 invo-

313 2337 408 2409 lucra
436 2352 538 2409 antea
568 2351 786 2430 perspectam
818 2351 875 2406 tua
905 2358 1006 2429 quam
1041 2337 1104 2408 abs
1130 2352 1165 2410 te

272 2488 299 2522 ιο
312 2451 435 2548 accepi
463 2474 612 2523 mearum
639 2449 823 2522 litterarum
847 2450 1073 2546 responsione
1100 2476 1165 2549 op·

313 2567 394 2640 tima
436 2568 500 2639 iam
541 2566 702 2640 facultate
744 2563 872 2662 adepta
909 2590 1163 2662 cognoscerem

312 2705 355 2755 ac
384 2683 649 2778 contemplarer,
680 2695 792 2753 tamen
820 2704 898 2753 cum
925 2697 1016 2755 tuam
1044 2682 1164 2756 lacun-

359 2950 451 3001 Coltcti
467 2960 541 3000 sunt:
559 2951 650 2999 Codex
665 2950 871 3000 vindobonensis
888 2964 925 2999 nr.
945 2952 1001 3010 ³4⁸¹
1014 2950 1066 3015 (C),
1084 2953 1164 3003 Guel-

309 3032 458 3094 lerbyunus
474 3030 528 3095 (G),
549 3032 711 3080 Monacensis
727 3030 786 3095 (Μ),
805 3031 962 3081 Veronensis
975 3031 1027 3095 (V).

359 3112 493 3172 (3)lsottae
506 3113 534 3160 V.
568 3114 601 3170 (3.
615 3112 638 3171 4)
655 3112 704 3160 sm.
720 3113 775 3159 Plu.
789 3111 849 3161 dicit
866 3113 894 3160 V.
929 3112 1053 3161 Nicotaus
1064 3114 1164 3163 Ysothe

311 3192 335 3239 in
360 3192 508 3254 elegantiori
533 3192 591 3241 stilo
615 3204 691 3253 quam
716 3191 786 3252 prius
810 3192 896 3240 obviat
920 3193 954 3241 est
976 3191 1058 3242 titulus
1080 3192 1105 3241 t'n
1128 3196 1161 3244 G.

311 3269 346 3332 (7)
370 3273 478 3334 preclari
502 3272 535 3321 G.
577 3270 611 3336 (8)
636 3270 845 3333 quodedmodum
875 3272 902 3319 V.
944 3273 976 3333 (8.
999 3272 1024 3333 o)
1052 3275 1164 3323 involuta

311 3358 383 3399 antra
405 3351 434 3400 C.
477 3350 511 3414 (o)
529 3360 666 3412 perspecta
689 3350 718 3409 C,
742 3350 882 3413 perlectam
899 3353 932 3401 G.
966 3359 1034 3401 tumn
1052 3354 1085 3403 G.
1119 3362 1163 3403 tua

311 3428 474 3489 qundamnbs
488 3430 514 3477 V.
542 3429 591 3492 (ιο)
602 3432 729 3479 literarum
747 3443 858 3479 mearum
872 3431 898 3478 V.
933 3432 983 3491 (tr)
1000 3432 1119 3493 iamltcm
1133 3435 1159 3482 V.

312 3508 362 3571 (12)
382 3522 439 3558 cum
455 3522 501 3557 om.
517 3511 549 3558 G.
