2850 4694
674 626 713 703 69

268 798 371 885 bona,
382 822 485 894 quem
503 822 611 895 penes
624 814 677 871 est
690 797 803 871 virtus.
828 799 958 872 Nonne
972 799 1120 872 beonel-

266 912 533 1009 lumprincipem
544 912 799 986 illustrissimum
810 912 1121 988 tollemusadastra

265 1043 345 1102 ante
371 1053 479 1102 annos
501 1028 718 1125 animumque
735 1044 913 1124 gerentem
932 1053 1120 1126 curamque

264 1144 406 1235 virilem,
425 1144 482 1241 qui
502 1147 570 1217 hoc
588 1160 655 1217 tam
675 1146 842 1242 praeclare
861 1144 1026 1219 intellexit
1047 1145 1120 1218 cui-

266 1285 335 1356 que
354 1260 491 1333 minime
509 1261 615 1333 visum
634 1277 686 1334 est
704 1259 738 1333 id
756 1260 902 1334 alienum
921 1260 1119 1357 adignitate
1152 1291 1161 1343 5

264 1399 337 1459 sua,
356 1375 452 1473 quod
478 1376 541 1472 ipsi
564 1375 778 1471 Agamenoni
810 1401 927 1474 regum
960 1377 1031 1474 regi
1059 1376 1119 1449 luit

266 1495 459 1581 honestum,
494 1492 623 1564 habere
649 1491 798 1587 aliquem
825 1491 858 1563 in
884 1491 1035 1566 consiliis
1061 1516 1119 1566 cu-

264 1607 400 1705 piendis
428 1609 624 1680 Nestorem.
655 1608 767 1680 Multa
792 1607 882 1680 enim
908 1624 986 1680 sunt
1011 1609 1056 1681 ab
1073 1604 1123 1682 eo‘

265 1722 453 1821 prudenter
491 1739 581 1812 acta,
612 1746 691 1795 cum
723 1722 803 1795 nihil
834 1723 1118 1821 magnificentius,

265 1839 347 1912 nihil
377 1840 574 1937 praeclarius
604 1856 718 1912 actum
745 1862 822 1913 esse
848 1856 1024 1931 testantur,
1051 1864 1118 1914 nec
1135 1865 1165 1902 ¹0

265 1955 313 2028 rei
345 1955 494 2051 publicae
524 1978 596 2027 suae
625 1953 813 2042 salutarim,
844 1955 1005 2052 quoniam
1037 1955 1117 2028 illud

264 2070 399 2143 salubre
419 2069 572 2142 Platonis
599 2068 788 2164 usurpavit:
807 2069 1020 2143 beatissimas
1043 2070 1117 2144 lore

265 2184 496 2281 respublicas,
515 2185 542 2257 si
560 2184 617 2282 qui
637 2208 753 2257 earum
770 2185 1009 2282 gubernationi
1028 2210 1117 2283 praea

264 2318 380 2374 essent
405 2318 464 2391 aut
480 2299 647 2396 sapientia
677 2298 811 2396 praediti
830 2317 888 2374 aut
905 2301 963 2398 qui
981 2301 1118 2399 sapien·

265 2415 322 2489 tiae
339 2413 454 2488 studio
472 2431 677 2488 tenerentur.
699 2415 939 2514 Quamobrem
950 2416 1055 2490 habet
1071 2419 1116 2490 ab
1134 2442 1159 2495 ¹5

264 2531 423 2604 omnibus
441 2548 647 2628 praesentem
666 2529 812 2620 laudem,
831 2554 910 2603 cum
929 2548 1025 2605 tanto
1046 2548 1116 2606 stu·

264 2647 324 2720 dio
358 2664 394 2720 et
428 2647 590 2720 industria
616 2646 807 2719 Guarinum
836 2646 1116 2721 coniunctissime

311 2964 346 3028 (r)
364 2967 506 3014 Leonelum
522 2965 577 3025 CV,
597 2939 731 3015 Leoirdum
748 2967 775 3014 Ρ.
810 2964 844 3026 (ι)
862 2965 1003 3029 principem
1018 2980 1065 3014 om.
1085 2967 1112 3014 V.

266 3045 365 3105 inusta}
390 3046 463 3094 animi
489 3046 585 3094 maximi
611 3047 639 3094 1..
674 3046 708 3108 (4)
733 3054 782 3093 tam
807 3059 853 3094 om.
875 3047 901 3095 Ρ.
937 3047 969 3108 (4.
991 3046 1012 3110 ς)
1027 3046 1068 3094 cui
1086 3048 1113 3094 l..

265 3124 299 3188 (ς)
311 3125 438 3173 minimum
457 3126 486 3174 C.
524 3125 557 3174 ud
581 3128 613 3173 al.
638 3127 665 3173 P.
700 3124 734 3187 (6)
751 3126 799 3187 ipsi
815 3139 861 3173 orn.
880 3128 907 3173 l..
934 3127 1114 3188 Agammenonl

265 3204 315 3263 CL,
342 3205 490 3267 agamenoni
519 3204 567 3253 rell.
618 3206 651 3267 (7)
674 3204 812 3266 aliquando
838 3206 866 3253 V.
906 3205 939 3266 in}
963 3206 986 3253 in
1011 3219 1057 3254 sua
1082 3206 1113 3253 R.

265 3283 299 3346 (8)
316 3284 382 3332 enim
399 3298 468 3332 omm.
494 3285 568 3334 CLV.
602 3294 659 3333 sunt
680 3298 726 3332 om.
752 3287 778 3332 L.
813 3284 846 3346 (9)
870 3292 922 3333 tum
939 3286 967 3344 F,
986 3294 1069 3333 tumen
1086 3287 1113 3333 F.

265 3364 339 3413 nichil
351 3365 381 3424 C,
399 3365 431 3412 nil
447 3366 477 3413 R.
513 3364 562 3426 (ιο)
576 3365 649 3412 nichil
661 3365 691 3423 C,
706 3365 737 3411 nil
757 3365 789 3412 R.
823 3372 906 3413 actum
923 3378 968 3413 om.
985 3367 1013 3413 t.
1040 3374 1116 3413 testa-

264 3457 320 3492 mus
339 3445 366 3503 F,
386 3453 494 3493 testatur
508 3446 534 3504 Ρ,
550 3453 658 3492 alestam
676 3445 707 3492 R.
740 3441 790 3507 (ιι)
802 3457 849 3492 sue
867 3458 887 3492 r.
904 3458 929 3506 p.
949 3447 980 3494 R.
1015 3447 1065 3509 (η)
1083 3447 1112 3494 Ρ.

263 3521 359 3572 dictum
384 3538 472 3585 usurp.
499 3526 530 3572 R.
565 3523 615 3587 (14)
640 3523 749 3586 predicti
771 3524 798 3571 V.
844 3525 888 3584 qui
905 3538 975 3574 amm.
994 3526 1112 3574 FLPRV.

265 3604 314 3667 (17)
329 3604 476 3652 coniuntiss.
495 3604 526 3652 C.
