2850 4694
527 581 580 623 111

128 749 286 832 tempore
313 732 456 807 filiorum
484 749 594 806 morte
620 731 771 805 doluisse
797 734 978 829 lesumque

129 865 279 923 nostrum
305 850 464 922 Lazarum
495 847 702 922 amarissime
721 847 855 921 flevisse
873 863 978 944 teque

127 989 171 1036 ex
181 966 250 1037 hoc
261 963 382 1052 mirari,
392 962 572 1061 quomodo
586 977 620 1035 te
634 964 751 1061 lugere
765 960 976 1059 prohibeam.

126 1078 198 1152 Sed
225 1079 332 1153 facilis
357 1077 401 1152 ad
428 1080 506 1152 haec
532 1094 585 1152 est
611 1076 803 1174 responsio,
822 1100 924 1174 quam
943 1093 978 1150 tu

125 1193 250 1268 dolore
269 1193 452 1292 impeditus
482 1192 590 1267 minus
622 1192 766 1266 sortasse
798 1191 976 1289 perspicis.
1012 1237 1021 1285 ς

129 1310 253 1385 Refert
286 1309 500 1383 beatissimus
537 1307 760 1381 Hieronimus
795 1323 912 1380 noster
945 1306 978 1379 in

124 1425 275 1524 epistola
303 1424 346 1500 ad
381 1424 572 1524 Tyrasium,
591 1425 701 1497 lesum
730 1449 798 1496 non
827 1421 979 1496 doluisse

128 1543 289 1614 Lazarum
299 1539 526 1615 dormientem
545 1538 608 1612 sed
627 1554 874 1636 resurgentem,-
891 1561 979 1634 quo·

127 1656 216 1730 niam
242 1681 320 1730 eum
340 1655 512 1730 laboribus
530 1655 645 1729 mundi
664 1654 811 1728 reddere
828 1653 977 1728 volebat.

127 1772 233 1847 Unde
264 1788 380 1845 notum
412 1787 465 1844 est
495 1796 562 1844 non
594 1770 711 1843 mortis
743 1768 856 1842 Lazari
874 1792 979 1842 causa
995 1816 1024 1852 ,ο

128 1887 290 1973 doluisse,
305 1887 367 1961 sed
381 1885 477 1984 quod
490 1885 534 1960 ad
549 1886 706 1960 hostilem
721 1885 822 1958 vitam
837 1899 979 1983 propter

129 2004 325 2078 incredulos
351 2001 616 2077 confundendos
635 2003 794 2075 Lazarum
814 2024 979 2075 revocare

129 2122 321 2219 urgebatur.
350 2121 412 2193 lob
438 2145 521 2193 vero
547 2136 583 2193 et
608 2119 715 2192 ceteri
742 2118 800 2216 qui
828 2117 914 2191 lilios
943 2134 979 2192 et

129 2238 249 2311 fratres
266 2237 450 2310 amiserunt
468 2253 503 2310 et
526 2238 728 2334 planxerunt
745 2259 808 2308 eos
825 2251 979 2308 mortuos

130 2352 161 2425 in
189 2353 321 2427 inferno
347 2352 597 2440 existimabant,
624 2350 798 2449 quoniam,
818 2366 853 2423 ut
871 2349 979 2449 inquit
996 2394 1020 2441 ,ς

129 2469 326 2566 Apostolus,
342 2467 495 2565 regnavit
508 2492 600 2540 mors
616 2468 661 2540 ab
678 2464 788 2539 Adam
809 2490 916 2564 usque
934 2464 978 2539 ad

131 2585 291 2682 Moysem
310 2600 345 2656 et
366 2608 470 2682 super
486 2608 549 2657 eos
571 2583 628 2681 qui
648 2606 716 2655 non
735 2598 977 2680 peccaverunt.

127 2700 347 2773 Concessum
377 2716 431 2774 est
458 2699 548 2774 enim
579 2716 732 2774 mortuos
762 2699 890 2796 lugere,
916 2695 979 2770 sed

126 2814 301 2912 illosquos
310 2840 412 2889 orcus
421 2815 574 2904 devorat,
584 2814 616 2888 in
625 2839 769 2912 quorum
780 2810 980 2912 poenaignis

127 2947 277 3004 aeternus
294 2947 427 3019 aestuat,
442 2957 510 3004 non
523 2955 597 3018 eos,
608 2946 643 3004 ut
660 2930 718 3018 tui,
733 2952 821 3027 quos
838 2929 980 3026 angelo·
993 2975 1024 3012 ,ο

129 3072 201 3120 rum
213 3048 311 3121 turba
320 3047 512 3137 comitatur,
527 3046 649 3144 quibus
666 3045 802 3120 obviam
821 3043 979 3120 Christus

175 3234 208 3296 (ι.
228 3232 252 3293 2)
268 3233 562 3282 filiorum-amarissime
578 3245 624 3281 om.
644 3232 675 3281 R.
716 3230 751 3294 (4)
768 3239 807 3281 est
823 3231 928 3287 occasio
944 3231 976 3280 R.

129 3314 163 3376 (ό)
182 3314 269 3362 reffert
294 3314 325 3362 R.
368 3313 437 3376 hyer.
465 3314 492 3361 Α.
535 3312 569 3375 (7)
594 3311 720 3361 Tirasium
744 3312 775 3361 R.
810 3311 860 3375 (14)
875 3310 978 3360 emisse·

130 3395 229 3442 runtA.
263 3407 310 3442 um.
327 3401 354 3442 et
369 3407 415 3443 om.
435 3394 466 3442 R.
501 3391 551 3456 (17)
569 3392 678 3441 Moisem
702 3393 730 3440 A.
771 3390 976 3454 peccaverint&

130 3473 180 3535 (ιφ)
194 3474 290 3523 orchus
306 3476 334 3523 Α.
369 3474 613 3538 pennaA,pen⁸R.
648 3471 794 3537 (κωπίω)
805 3471 978 3536 AR.(2r)co·

129 3554 240 3603 mittatur
257 3555 288 3604 R.

829 3661 872 3719 14·
