2850 4694
541 609 626 654 xcvtt

152 761 273 809 seculum
290 756 417 809 decimum
434 768 532 810 sextum
549 760 640 811 vixisse
655 760 778 821 videmus,
795 763 958 813 Cutherinsm
973 763 1008 814 de

153 839 271 899 Cebeltis,
292 839 414 890 ludovici
433 841 581 903 Nogerolre‚
601 840 714 891 Gsleotti
731 841 772 890 ulii
790 856 895 892 uxorem
913 850 939 892 et
956 843 1005 893 Cs-

151 921 275 970 therinem
303 921 468 984 Peregrinum
495 921 620 970 Freneisci
649 922 797 985 Nogerolre‚
823 923 867 985 qui
891 922 1008 973 eiusdem

153 1001 266 1052 Gereoni
283 999 347 1049 lilius
364 1009 428 1060 eret,
448 1014 561 1050 uxorem.

204 1085 228 1114 ¹²
254 1079 379 1130 Antonius
402 1081 565 1131 Turresenus
589 1079 717 1131 Leonsrdi
735 1082 875 1145 Nogerole
892 1096 1006 1142 uxorem,

153 1163 229 1211 lsoto
246 1167 359 1220 matrem,
379 1161 523 1210 Perusinum
539 1168 622 1220 vocet,
639 1174 715 1224 quem
728 1160 1007 1225 Borromeemquidem

152 1240 199 1291 sed
213 1239 432 1292 Mediolanensem
457 1241 535 1291 luisse
551 1241 682 1291 contendit
699 1256 839 1306 anonymus
856 1243 898 1292 ilie
917 1251 1008 1294 euctor

152 1322 196 1384 qui
209 1322 258 1371 hoc
269 1323 366 1371 seculo
378 1321 481 1371 ineunte
493 1321 640 1371 teminorum
648 1319 782 1373 docturum
793 1323 910 1373 elemilie
922 1324 1008 1387 Noge-

153 1405 207 1452 roiu
220 1403 283 1451 vites
292 1402 443 1452 describere
454 1410 648 1466 aggressusest,
659 1401 705 1452 sed
716 1404 849 1467 hocopus,
862 1402 933 1466 quod
941 1417 1009 1454 nunc

151 1482 221 1546 apud
242 1483 278 1532 lo.
296 1482 368 1546 Btpt.
386 1482 506 1531 Cerolum
524 1482 627 1532 Giulieri
645 1491 799 1544 asservetur,
819 1483 851 1533 ed
867 1484 942 1533 finem
958 1498 1007 1534 non

154 1562 590 1626 perduxitttuiusprectpuustons
607 1563 693 1612 tabule
710 1563 829 1625 quodem
841 1564 1008 1628 genealogice

154 1645 235 1693 minus
249 1651 370 1693 accurate
388 1644 483 1706 scripte
500 1642 554 1702 luit,
572 1642 675 1705 deque
693 1645 749 1694 hese
766 1643 834 1708 epud
852 1646 1009 1708 eumlegun·

154 1737 213 1774 tur:
231 1724 347 1788 «Questo
363 1725 429 1774 libro
446 1724 471 1773 lu
488 1724 626 1786 compilato
640 1723 674 1772 de
689 1724 815 1773 Anonimo
833 1727 940 1785 Autore,
958 1725 1008 1775 che

154 1807 297 1855 ricovereto
314 1803 381 1854 delle
397 1803 503 1868 lumigliu
521 1805 651 1868 Nogerole
667 1818 683 1854 e
700 1803 784 1854 lettosi
792 1811 911 1853 creature
926 1803 1008 1854 d'uno

153 1885 324 1948 personeggio
349 1883 374 1932 di
401 1886 487 1945 quelle
511 1884 617 1948 iemiglie
641 1883 723 1947 penso
748 1883 773 1932 di
798 1885 926 1934 mostrersi
942 1897 958 1934 s
974 1885 1008 1934 lui

153 1974 225 2029 grsto
242 1966 413 2027 coll'esporre
438 1965 444 2013 i
470 1964 522 2013 letti
539 1965 627 2014 illustri
643 1963 669 2013 di
685 1967 747 2028 quel
767 1978 863 2028 sengue
880 1964 1007 2026 mediante

154 2062 186 2096 un
203 2045 324 2109 diligente
342 2046 453 2095 reccolte
469 2044 503 2094 ed
522 2059 571 2094 une
587 2045 662 2108 piene
684 2042 710 2094 di
733 2045 880 2109 cognitione
897 2046 1007 2095 ottenuti

153 2125 219 2189 dagli
243 2124 344 2175 Archivi
370 2125 514 2187 perticoleri
539 2123 564 2172 di
588 2126 675 2188 quelle
699 2138 715 2174 e
739 2123 765 2173 di
788 2125 852 2174 eltre
876 2125 1005 2188 prosapie.

154 2208 174 2255 Ε
192 2219 239 2268 per
263 2204 424 2255 convelidere
449 2206 600 2269 tegelmente
617 2213 684 2255 tutto
700 2206 789 2267 quello
805 2206 855 2254 che
870 2205 1004 2264 esserisce,

153 2285 281 2349 produsse
291 2286 385 2335 innanzi
396 2287 420 2335 el
434 2286 528 2336 Noleio
541 2284 664 2336 Giovenni
677 2287 777 2335 Metteo
793 2284 920 2334 Ventretti
936 2284 943 2333 i
960 2282 1007 2334 do

152 2367 262 2416 cumenti
279 2366 452 2429 comproventi
478 2369 501 2415 lu
525 2365 606 2415 veriti
622 2365 664 2415 dei
682 2366 743 2414 letti.
763 2365 840 2416 Nelle
858 2365 944 2415 ultime
961 2379 1005 2429 pe·

151 2447 210 2510 gine
225 2445 280 2495 srvi
297 2447 480 2495 l'tttestezione
498 2445 540 2495 del
558 2445 653 2495 Noleio
670 2445 693 2494 in
710 2444 769 2494 dete
789 2458 817 2506 ¹⁴
833 2449 932 2509 Agosto
947 2458 1006 2506 17²⁴

152 2541 167 2574 e
184 2533 254 2575 sotto
276 2527 331 2576 ervi
348 2529 371 2575 te
387 2526 552 2576 vidimezione
569 2525 612 2575 del
630 2527 740 2575 Pretore
758 2539 774 2575 e
791 2524 961 2588 vicepreletto
978 2523 1004 2574 di

151 2607 263 2664 verone,
282 2607 422 2657 Gerolemo
441 2598 553 2655 Potenti
570 2605 639 2656 Huic
655 2605 729 2669 operi
740 2604 815 2654 tidem
827 2604 943 2655 tribuens
955 2619 1005 2654 me-

151 2686 240 2735 ximum
258 2688 313 2736 ltrec
330 2686 372 2736 ille
383 2685 417 2735 de
428 2683 521 2736 Bienci
537 2686 668 2749 Nogurole
678 2686 782 2735 scribit:
801 2686 932 2735 «L'entico
950 2685 1004 2735 MS.

151 2767 201 2815 cite
217 2779 345 2816 conservo
361 2779 487 2829 appresso
504 2764 529 2814 di
547 2779 596 2824 me,
610 2766 733 2814 intitoleto
751 2765 881 2814 Nobilium
898 2763 932 2814 de
951 2765 1005 2815 No·

151 2848 244 2911 gerolis
269 2848 444 2911 Genealogice
465 2846 622 2908 Descriptio,
640 2845 754 2896 essicure
770 2859 861 2895 essere
880 2845 1005 2895 Milenese

151 2936 243 2988 questu
261 2927 409 2976 Bomomee.
428 2926 529 2988 Quests
545 2924 690 2975 assertione
707 2937 770 2989 pere
783 2923 893 2983 tondete,
907 2922 1006 2987 perche

151 3007 175 3055 in
198 3007 299 3070 seguino
322 3007 343 3056 si
369 3008 452 3070 legge‚
479 3005 529 3055 cite
546 3003 685 3055 Leonerdo
701 3018 764 3055 eves
781 3004 850 3054 molti
868 3004 965 3068 negotii
981 3004 1005 3053 in

151 3087 247 3136 Miluno
273 3085 307 3135 ed
333 3085 438 3149 essergli
462 3092 527 3135 stete
550 3084 673 3134 conserite
687 3085 720 3155 'in
738 3083 810 3135 dono
827 3083 860 3133 de
877 3084 1004 3135 Geleezro

149 3166 262 3216 Viscontl
280 3168 302 3215 le
319 3164 505 3216 Giurisdizione
521 3163 564 3214 del
580 3164 700 3214 vicerinto
712 3163 737 3213 di
754 3164 917 3228 colognols;
933 3164 1005 3226 quin-

150 3245 175 3295 di
192 3259 208 3296 e
225 3246 390 3309 presumibile
407 3246 456 3294 elne
474 3247 559 3308 legato
576 3243 642 3308 degli
652 3244 722 3293 ederi
733 3246 781 3293 elle
793 3242 861 3293 ctu
871 3240 897 3292 di
910 3243 1005 3293 Mileno

149 3326 225 3376 abbis
241 3326 391 3376 conosciuts
415 3339 430 3373 e
454 3325 498 3387 poi
514 3332 619 3388 sposste
640 3324 741 3384 Bience,
760 3331 859 3373 mentre
877 3325 942 3372 nelle
958 3337 1005 3373 sus

149 3406 199 3455 vite
214 3420 264 3456 non
281 3408 301 3456 si
318 3419 410 3469 seorge
427 3406 476 3454 clte
492 3405 539 3454 mei
555 3404 631 3454 abbis
647 3401 742 3454 vedute
760 3403 871 3462 Pudore,
890 3401 922 3452 ne
941 3404 1002 3451 rele-

151 3487 223 3536 ztone
240 3485 265 3535 di
282 3494 352 3536 sorte
368 3485 445 3534 ebbiu
461 3483 518 3534 ooli
534 3484 684 3535 incontmte.
706 3485 825 3534 Nessum
840 3496 921 3547 prove
938 3483 1003 3533 odre

149 3567 189 3616 chi
205 3564 263 3616 dice
282 3567 374 3616 Eiones
391 3564 551 3615 Pedovenen.
570 3566 666 3627 Neque
677 3564 701 3614 in
713 3564 819 3629 egregio
835 3577 897 3614 senc
909 3577 1001 3627 opere,

202 3685 263 3728 lecte
277 3684 387 3741 ungusta
401 3683 477 3740 Opere
491 3685 506 3728 l.
881 3687 898 3735 ιζ
