2850 4694
566 604 619 667 ¹¹7

162 757 348 848 stimarunt,
388 757 575 856 quidquam
615 783 681 833 nec
719 759 909 858 elegantius
947 783 1013 835 nec

162 873 338 971 copiosius
380 874 448 949 dici
491 874 664 974 potuisse,
698 875 745 950 itu
786 892 840 951 est
880 893 1012 968 ornatu,

162 986 332 1078 distinctu,
366 988 552 1088 perpolitu3
587 1013 631 1063 ex
670 1013 739 1087 qua
776 1015 813 1064 re
851 990 917 1064 ism
952 990 1012 1064 tibi

162 1128 229 1176 non
248 1104 691 1201 parvamexistimutionem
704 1104 878 1180 vendicas.
897 1104 1012 1180 Audio

161 1218 251 1291 enim
286 1221 407 1293 multus
442 1235 517 1294 tuas
551 1220 616 1294 iam
647 1219 810 1318 divulgari
836 1221 1010 1320 epistolas,
1043 1249 1053 1303 t

161 1359 245 1431 quus
267 1353 303 1409 et
331 1335 377 1410 ud
406 1335 573 1434 optimum
598 1335 792 1435 genitorem
822 1334 927 1410 etad
956 1362 1011 1411 re·

159 1449 271 1548 liquos
298 1450 412 1541 mittis,
443 1451 502 1549 qui
532 1451 577 1525 de
608 1467 642 1526 te
667 1452 819 1550 optimos
844 1476 883 1527 se
906 1452 1010 1528 tuisse

159 1581 253 1639 vates
279 1565 406 1657 vident,
426 1568 588 1663 quoniam
615 1584 649 1641 te
668 1569 769 1641 talem
796 1567 902 1640 virum
916 1592 1010 1666 prte-

158 1697 237 1772 stus,
268 1698 304 1756 ut
329 1698 387 1756 tus
413 1684 579 1780 praeclars
609 1682 744 1757 indoles
773 1682 819 1758 de
850 1699 884 1758 te
910 1683 1016 1782 poili·-

158 1797 229 1870 ceri
250 1821 388 1895 semper
412 1799 484 1873 visa
501 1815 563 1872 est
594 1799 707 1897 Perge
734 1799 834 1897 igitur
855 1815 891 1873 et
908 1799 1010 1873 virtu·
1025 1825 1055 1865 ιο

158 1929 227 1984 tem
246 1929 337 1987 tuum
355 1913 402 1986 itu
417 1937 557 2012 augeas,
577 1929 612 1986 ut
629 1913 753 2011 quibus
775 1913 865 1987 fuisti
882 1932 919 1988 et
934 1913 1009 2011 spei

158 2044 194 2100 et
210 2028 456 2125 expectationi,
474 2028 520 2102 sis
537 2045 574 2102 et
590 2027 817 2119 admirationi,
836 2029 918 2102 licet
943 2029 1009 2102 iarn

159 2167 227 2215 non
257 2143 381 2242 exigua
405 2144 491 2233 mihi
521 2143 685 2219 videatur.
719 2144 888 2221 Martinus
918 2143 1008 2218 enim

158 2277 357 2356 praeceptor
382 2275 498 2334 noster
523 2259 768 2334 eruditissimus
794 2259 839 2334 de
857 2277 891 2334 te
909 2259 1009 2333 mira-

158 2372 269 2447 biliter
297 2390 333 2448 et
358 2373 508 2472 loquitur
537 2392 573 2448 et
601 2375 714 2464 sentit,
742 2375 921 2472 ceterique
938 2400 1008 2448 non
1024 2401 1051 2456 ις

157 2488 258 2583 pauci
284 2488 512 2562 litteratissimi
539 2490 694 2563 homines
716 2489 872 2563 admirari
889 2488 1008 2562 viden-

157 2619 210 2675 tur
226 2605 405 2700 plurimum
416 2606 485 2677 hoc
499 2621 592 2678 tuum
603 2604 728 2702 ingenii
738 2628 896 2695 acumen,
911 2604 1006 2701 quod

157 2717 221 2791 iarn
240 2734 353 2794 tantos
367 2735 483 2793 ettam
501 2719 683 2817 speciosos
695 2720 825 2795 virtutis
842 2735 879 2794 et
894 2720 1007 2795 scien-

195 2924 380 2988 (qquiequnm
397 2923 458 2974 CM.
492 2924 618 2984 nequess
637 2937 724 2985 neque
737 2924 790 2972 ΕΜ.
825 2922 857 2985 (1.
871 2924 930 2985 ηπ.
945 2936 1004 2986 cop.

155 3017 225 3052 omni.
245 3005 308 3053 GM.
343 3004 378 3068 (ι)
395 3005 429 3054 itu
445 3011 485 3054 est
501 3004 567 3052 enim
584 3017 639 3052 orn.
654 3004 687 3052 G.
721 3003 837 3052 unaue
872 3003 906 3065 (⁴)
920 3002 1005 3051 extim.

156 3085 188 3142 G,
205 3085 414 3133 oestimutionem?
446 3083 513 3132 vind.
527 3085 555 3131 E.
584 3081 619 3145 (5)
630 3082 775 3145 enimJnum
791 3084 820 3132 Ε.
855 3084 902 3131 ium
918 3082 1004 3130 mm&

155 3163 213 3212 dev.
228 3164 257 3212 C.
292 3163 325 3227 (7)
337 3177 445 3212 sennim.
457 3163 509 3211 BV.
544 3162 682 3227 (8)cumE,
702 3176 780 3226 quum
799 3164 826 3211 V.
861 3161 1006 3227 (8.9)ρω-
1118 3214 1121 3221 ,

154 3251 207 3293 stes
223 3246 251 3291 E.
286 3242 320 3307 (9)
338 3243 429 3292 indolis
446 3245 510 3293 GM.
544 3244 595 3307 (ιο)
608 3256 713 3305 semper
722 3255 792 3291 onim.
806 3243 858 3290 ΕΜ.
893 3255 915 3289 ν.
928 3242 960 3289 sit
976 3241 1004 3290 V.

154 3322 204 3386 (ιι)
220 3331 246 3372 et
268 3331 295 3371 et
315 3337 354 3386 sp.
380 3324 418 3373 M.
460 3321 511 3388 (ιι)
535 3325 551 3370 Ι.
569 3334 601 3372 ει
616 3322 664 3370 ium
680 3323 709 3370 Ε
753 3321 803 3385 (¹5)
820 3330 846 3370 et
862 3323 917 3371 ante
933 3322 1004 3382 loqu.

153 3415 222 3451 onim.
241 3402 329 3453 CGM.
364 3412 390 3452 et
412 3404 515 3452 seencie
534 3403 573 3462 Μ,
598 3411 625 3451 et
641 3416 671 3450 .s.
692 3404 725 3452 G.
760 3400 810 3465 (17)
828 3401 955 3462 plurimun
975 3400 1003 3449 V.

153 3481 189 3529 ob
200 3483 238 3542 Μ,
254 3496 301 3531 om.
312 3483 345 3531 G.
369 3482 405 3531 tui
418 3481 448 3531 C.
467 3483 593 3544 ingenium
605 3483 670 3531 GM.
703 3493 826 3530 sceumen
840 3482 867 3539 V,
881 3489 907 3530 et
918 3493 957 3530 uc.
969 3480 1002 3528 G.

154 3560 202 3624 (ιὸ)
214 3564 273 3624 tum]
291 3570 360 3612 tutor
371 3564 399 3622 E,
413 3571 497 3612 tentos
512 3563 538 3610 V.
558 3571 584 3611 et
601 3575 647 3611 om.
660 3561 691 3611 C.
