2850 4694
413 1212 543 1274 (Verona,
563 1213 605 1261 die
623 1213 694 1261 ΧΙΧ.
713 1214 806 1262 mensis
825 1215 930 1264 lanuarii
947 1230 970 1264 a.
992 1218 1072 1279 14⁴1·)

312 1486 502 1559 Damianos
534 1492 658 1585 Burgus
692 1489 879 1562 Veronensis
903 1490 1080 1564 clarissime
1105 1493 1165 1565 vir-

287 1634 296 1683 ς
406 1602 475 1700 girrr'
488 1604 575 1676 lsote
591 1603 758 1701 Nogorole
774 1629 810 1677 se
822 1604 868 1703 pl.
883 1605 1063 1680 comerrdot.

313 1900 601 2253 &ansts
627 1914 685 1987 tibi
721 1913 840 1988 videor
864 1917 909 1990 ab
929 1916 1163 2005 scribendum,

514 2056 618 2128 quem
657 2030 780 2120 fecisti,
827 2049 861 2104 tu
904 2055 1052 2128 namque
1096 2035 1163 2105 huc

514 2163 690 2220 venturam
736 2145 841 2219 celeri
892 2144 984 2243 pede
1035 2147 1162 2244 promi-

310 2261 393 2351 sisti,
423 2286 525 2359 quam
561 2261 664 2334 miror
701 2285 763 2334 cur
801 2278 929 2334 tantum
964 2260 1162 2349 tardaveris,

270 2396 347 2451 10et
363 2403 449 2475 sepe
466 2377 606 2475 ancipiti
625 2378 767 2475 augurio
785 2377 906 2466 ducor,
925 2402 970 2450 ne
987 2401 1057 2474 qua
1074 2380 1164 2451 mala

311 2517 414 2567 causa
438 2494 564 2566 obstet.
593 2494 635 2565 Et
660 2516 738 2565 cum
765 2491 882 2565 omnia
906 2492 1162 2589 circumspicio,

311 2606 379 2681 no'n
399 2608 402 2613 ’
422 2632 551 2681 accuso
582 2631 719 2681 causam
750 2606 926 2694 tarditatis,
962 2607 1022 2681 nisi
1058 2631 1162 2705 qoam

312 2723 400 2797 sorte
420 2723 604 2797 Brunorius
630 2723 780 2796 sororius
807 2740 841 2795 et
866 2740 1004 2819 patruus
1022 2721 1161 2805 saciant,

310 2838 355 2912 de
380 2839 505 2936 quibus
530 2838 610 2936 quia
636 2854 765 2911 tantum
791 2835 950 2910 differunt
975 2861 1041 2911 nec
1064 2837 1162 2935 quic·

268 2972 293 3025 ¹5
311 2978 412 3052 quam
422 2954 585 3044 scribunt,
596 2953 798 3051 ambigimus
807 2977 937 3026 omnes.
950 2955 1036 3054 Quo
1052 2952 1160 3026 modo

310 3086 422 3143 autem
448 3087 601 3168 agantur,
628 3069 820 3167 significato
843 3069 934 3159 mihi,
962 3093 1039 3142 nam
1058 3067 1105 3142 de
1123 3069 1162 3143 iis

309 3185 462 3259 solicitus
483 3211 566 3259 sum.
586 3185 729 3259 Solicita
746 3202 860 3258 tamen
879 3203 955 3258 tuos
972 3209 1105 3273 omnes,
1127 3202 1162 3256 ut

310 3303 377 3374 huc
391 3300 567 3389 recedant,
583 3301 638 3373 ubi
653 3301 735 3374 licet
748 3301 780 3373 in
799 3301 892 3374 bello
910 3299 1024 3389 simus,
1043 3318 1159 3372 tamen

309 3416 417 3513 patria
439 3440 562 3513 pacem
583 3415 691 3506 affert,
706 3416 822 3513 inqua
838 3415 917 3513 cepi
937 3415 1159 3503 revirescere,

266 3559 296 3595 ιο
308 3547 437 3603 tantum
453 3556 507 3604 me
517 3529 649 3604 lucidus
659 3530 808 3603 lustravit
820 3531 958 3627 Apollo.
974 3527 1162 3603 Comenda
