2850 4694
672 597 715 640 XV

266 751 432 825 bonarum
459 750 643 824 litterarum
675 748 794 824 studiis
824 749 956 824 favisse.
990 752 1120 824 Blanca

265 866 357 940 enim
376 882 444 941 tam
463 865 664 963 frequenter
676 889 754 939 cum
771 865 976 941 Omnibono
989 884 1119 964 egerat,

266 998 304 1058 ut
336 982 422 1057 filias
448 983 612 1057 litterario
641 983 760 1081 aliquo
791 1007 932 1056 munere
962 981 1118 1073 donaret,

265 1115 303 1173 ut
330 1098 554 1174 Omnibonus
578 1097 869 1198 praestantissimae
896 1097 1037 1188 mulieri,
1064 1099 1119 1173 cui

264 1213 384 1289 omnia
411 1238 451 1288 se
480 1213 612 1288 debere
638 1215 828 1311 profitetur,
854 1213 1118 1312 obsequendum

265 1353 345 1405 esse
371 1346 474 1417 ratuS‚
500 1353 579 1403 cum
606 1329 780 1428 cognitum
800 1329 955 1419 haberet,
973 1346 1120 1426 quanto

265 1469 352 1544 pere
361 1443 416 1518 illa
432 1443 618 1518 divinarum
637 1469 748 1518 rerum
766 1443 1041 1543 praeceptoribus
1058 1444 1120 1519 de-

266 1564 463 1651 lectaretur,
482 1559 684 1659 theologico
709 1584 818 1659 opere
843 1559 1025 1633 offerendo
1045 1560 1119 1634 eius

265 1675 431 1751 voluntati
457 1701 496 1750 se
517 1700 620 1773 quam
640 1674 785 1749 maxime
803 1675 1118 1773 obtemperaturum

266 1816 346 1867 esse
388 1807 553 1889 speraret.
600 1791 729 1887 Neque
774 1806 917 1888 postero
963 1806 1120 1887 tempore

266 1906 428 1982 amicitiae
466 1905 601 1985 vincula
638 1905 725 1979 inter
767 1904 917 1979 nobilem
958 1907 1120 2004 Nogaro

266 2026 335 2098 lam
358 2022 519 2097 familiam
545 2039 581 2096 et
607 2019 800 2095 modestum
827 2021 1040 2120 antiquarum
1066 2022 1120 2095 lit·

267 2157 415 2215 terarum
451 2138 672 2235 interpretem
708 2139 859 2212 relaxata
903 2153 989 2211 sunt.
1026 2138 1117 2211 Cum

266 2255 359 2331 enim
389 2257 465 2353 plus
489 2253 614 2329 decem
640 2253 737 2328 annis
767 2269 847 2350 post
881 2278 992 2351 prope
1026 2271 1120 2329 esset

267 2388 305 2447 ut
332 2369 552 2445 Omnibonus
584 2394 605 2444 a
638 2368 832 2467 magistratu
867 2368 1026 2444 Civitatis
1059 2369 1118 2443 Vi-

266 2486 394 2563 oentiae
414 2485 625 2560 scholastico
643 2510 784 2559 munere
810 2484 1008 2582 privaretur,
1027 2485 1118 2560 Leo

268 2600 394 2678 nardus
408 2602 597 2700 Nogarola,
613 2603 755 2675 Blancae
769 2601 867 2691 filius,
881 2600 962 2674 huic
979 2601 1117 2674 conatui

267 2717 339 2794 acri
364 2716 478 2793 animo
504 2716 626 2791 restitit
650 2733 686 2791 et
703 2742 746 2791 ne
765 2715 834 2790 ludi
852 2715 1014 2814 magistro
1030 2714 1118 2791 doc·

267 2832 398 2910 tissimo
415 2832 535 2907 iniuria
556 2832 737 2909 inferretur
761 2830 914 2907 evicit.²⁰
938 2834 1032 2906 Dum
1058 2833 1118 2905 Vi-

266 2949 394 3027 centiae
410 2950 688 3023 commorabatur
704 2946 745 3042 (a
763 2973 962 3045 1434-41,
979 2973 1116 3045 1443-

266 3066 326 3161 48,
355 3065 543 3167 1453—78
560 3061 612 3160 [ΡΒ
638 3063 753 3138 habita
778 3080 832 3137 est
851 3065 896 3137 ab
911 3062 1116 3139 Omnibono

265 3179 370 3256 etiam
384 3179 496 3255 oratio
510 3179 543 3253 in
557 3179 677 3253 funere
687 3179 895 3253 Elisabethae
914 3178 1115 3277 Nogarolae,

266 3295 383 3372 uxoris
408 3294 527 3369 iacobi
552 3293 734 3369 aThienis
752 3293 889 3391 equitis,
916 3319 986 3391 qua
1010 3319 1116 3368 occa-

264 3413 365 3491 sione
382 3410 500 3486 denuo
526 3435 736 3511 propensum
754 3410 787 3484 in
806 3410 966 3484 familiam
995 3412 1116 3509 Noga-

263 3532 374 3607 rolam
391 3526 539 3604 studium
557 3544 700 3603 testatus
717 3544 780 3602 est.
790 3537 819 3584 ²⁹
