2850 4694
670 593 720 658 181

267 765 381 861 potius
405 765 511 840 virum
539 768 676 841 beatum
703 769 895 866 opinemur,
920 771 979 869 qui
1007 771 1038 844 in
1066 772 1118 847 lris

267 880 537 978 tempestatibus,
578 883 609 954 in
640 883 764 981 quibus
794 884 950 960 homines
979 903 1116 961 aetatem
1193 971 1197 977 ,

266 1020 360 1071 suam
392 996 425 1070 in
443 1000 534 1088 luxu,
566 999 598 1072 in
624 1000 809 1090 amoribus,
833 1000 866 1073 in
892 1000 1031 1098 reliquis
1056 1027 1118 1077 vo·

266 1112 451 1209 luptatibus
486 1130 729 1190 consumentes
757 1115 859 1189 vitam
903 1141 971 1191 non
1002 1134 1117 1216 agunt,

265 1226 328 1301 sed
358 1228 495 1304 silentio
525 1245 700 1305 transeunt
724 1230 828 1305 veluti
855 1255 997 1328 pecora,
1023 1234 1117 1307 omni
1150 1261 1160 1315 ς

266 1368 344 1418 cum
363 1369 456 1435 cura,
476 1344 639 1419 industria
655 1370 697 1420 ac
710 1344 888 1445 diligentia
901 1349 1119 1445 proposuerit

266 1459 330 1533 sibi
341 1460 373 1533 in
384 1458 503 1534 studiis
516 1461 702 1535 litterarum
717 1460 957 1559 evigilandum,
975 1479 1012 1537 et
1029 1487 1119 1561 prae·

266 1575 370 1673 cipue
385 1575 417 1649 in
435 1574 510 1666 illis,
524 1576 649 1673 quibus
664 1576 697 1649 in
714 1601 761 1651 eo
778 1601 850 1674 quo
869 1602 938 1651 uno
954 1602 976 1652 a
993 1578 1119 1653 ceteris

266 1691 371 1766 brutis
397 1689 531 1765 differat
556 1691 637 1789 ipsis
662 1691 765 1766 etiarn
784 1695 980 1767 antecellat.
1017 1694 1118 1792 Legn'-

172 1876 177 1885 .
266 1835 341 1885 mus
368 1810 400 1882 in
426 1809 599 1885 veteribus
624 1833 736 1884 rerum
753 1827 926 1908 gestarum
944 1809 1119 1909 scriptori·
1133 1837 1164 1876 ιο

265 1928 329 2001 bus
354 1928 489 2025 Sophos
510 1927 729 2023 quamplures
758 1923 929 2023 delegisse
960 1925 993 1998 in
1023 1950 1118 2000 suam

264 2043 468 2116 societatem
495 2042 626 2140 puellas
650 2040 801 2116 eruditas
826 2066 913 2139 quas
931 2040 982 2115 his
998 2040 1118 2116 studiis

264 2156 447 2232 educabat.
485 2159 613 2231 Nonne
647 2182 749 2247 nunc,
784 2156 811 2230 si
847 2155 952 2254 ipsius
980 2155 1118 2255 spiritus

266 2289 384 2371 posset
400 2272 543 2347 excitari
560 2297 582 2347 a
599 2272 751 2363 mortuis,
770 2289 805 2346 te
823 2297 892 2346 non
909 2272 1038 2371 vulgari
1057 2274 1118 2347 be·
1227 2342 1231 2351 ,

266 2388 450 2462 nivolentia
466 2389 600 2463 loveret
617 2404 723 2486 teque
739 2386 783 2462 ad
801 2390 891 2463 hanc
913 2413 985 2463 rem
999 2405 1118 2464 natura
1133 2413 1160 2467 15

267 2503 340 2601 ipsa
358 2502 554 2578 instructam
572 2503 664 2579 adeo
685 2502 863 2578 ardentem
894 2503 1118 2581 considerans

264 2617 409 2693 duceret
425 2644 494 2693 non
516 2619 549 2692 in
575 2619 756 2717 postremis
780 2619 844 2695 sed
861 2619 894 2693 in
912 2620 1117 2718 primoribus

264 2759 342 2809 esse
356 2732 676 2836 habendamrQuis
686 2752 746 2840 est
759 2752 826 2810 tam
845 2737 954 2811 hebes
970 2751 1028 2810 aut
1046 2752 1114 2810 tam

311 3018 346 3082 (t)
363 3018 448 3067 inem.
467 3019 495 3067 Ε
529 3016 564 3082 (3)
588 3017 702 3066 lussuriis
726 3017 754 3075 Ε,
781 3016 885 3065 luxuriis
905 3016 932 3064 V.
966 3015 1058 3079 (plcet
1085 3016 1113 3064 V.

265 3099 382 3149 scilentio
399 3097 429 3148 G
464 3096 498 3160 (6)
515 3109 620 3160 prepos.
642 3097 670 3144 V.
704 3094 739 3159 (9)
756 3094 840 3157 etium]
858 3103 884 3145 et
900 3096 953 3145 SV.
986 3094 1037 3158 (ιι)
1053 3095 1115 3158 Sap

265 3180 331 3242 pnos
340 3179 393 3228 SV.
413 3179 501 3241 plures
509 3179 537 3226 Ε.
571 3176 669 3239 (11.11)
685 3176 765 3225 insue
778 3175 905 3225 societate
920 3176 972 3225 ΞΥ.
991 3173 1114 3238 (11)((1111

265 3263 289 3309 in
307 3260 345 3308 bis
362 3259 424 3310 CM.
468 3258 516 3307 biis
532 3258 566 3307 G.
601 3256 650 3320 (1))
667 3257 726 3307 Non
745 3258 778 3307 G.
812 3256 833 3306 si
850 3256 905 3319 lpse
921 3256 974 3314 ΙΝ,
989 3255 1115 3318 suppinus

265 3341 295 3390 G
329 3338 443 3402 spiritus]
465 3338 585 3401 Seppbos
616 3338 644 3387 Ε.
686 3337 733 3399 (¹4
755 3340 793 3400 ις)
818 3336 901 3385 beniv.
926 3348 997 3386 emm.
1023 3335 1112 3385 CGM.

264 3420 315 3483 (ις)
331 3428 358 3468 te
374 3431 451 3480 quam
466 3417 500 3468 ad
516 3419 545 3467 Β
579 3417 629 3480 (16)
641 3417 764 3467 instructu
775 3417 805 3476 c,
818 3415 975 3466 instructirm
989 3415 1027 3464 Μ.
1062 3414 1113 3477 (¹7)

263 3500 364 3550 diceret
384 3499 449 3550 GM.
492 3505 533 3547 set
558 3499 616 3548 GV.
659 3497 790 3560 prioribus
807 3496 837 3546 C.
878 3496 929 3559 (18)
945 3494 1063 3544 babendo
1080 3494 1111 3544 C.

265 3588 390 3628 estonum.
406 3579 459 3628 ΙΝ.
493 3578 558 3628 ebes
572 3578 606 3627 G.
