2850 4694
10 2437 45 2512 iis
62 2439 161 2514 insi-

10 2553 163 2631 restitit

825 550 844 598 v

402 705 505 780 fratre
531 706 713 782 Ludovico
730 732 841 806 nepos
854 725 937 782 erat.
956 710 1009 783 Ac
1026 705 1260 783 Alexandnnn

404 821 544 920 quidem
585 825 796 921 Nogarolam
831 822 987 897 Valerius
1016 824 1194 898 Palermus
1223 824 1258 897 in

402 936 561 1010 oratione
570 936 703 1011 funebri
713 962 743 1010 a.
762 937 852 1038 1564
861 939 1013 1011 Veronae
1024 936 1072 1013 de
1084 962 1130 1012 eo
1143 938 1260 1013 habita

403 1053 508 1127 refert
521 1053 649 1150 primos
662 1053 773 1128 aetatis
781 1076 890 1127 annos
899 1053 933 1126 in
942 1052 1063 1129 studiis
1072 1054 1258 1129 litterarum

403 1195 472 1242 non
515 1169 608 1243 iratis
641 1169 783 1242 omnino
827 1168 939 1242 Musis
972 1168 1141 1267 posuisse,
1176 1195 1258 1245 mox

401 1300 516 1358 autern
536 1284 689 1358 instituto
707 1284 787 1359 vitae
805 1300 936 1359 mutato
952 1309 1048 1359 arma
1062 1284 1128 1360 sibi
1141 1307 1258 1384 sump-

401 1400 487 1474 sisse
505 1398 704 1474 exercenda
715 1416 752 1473 et
765 1399 958 1497 principum
972 1398 1084 1474 curias
1096 1399 1258 1498 frequen·

402 1532 504 1606 tasse,
533 1515 680 1589 maxime
706 1514 825 1589 Caroli
846 1513 969 1615 Quinti
987 1514 1206 1613 Imperatoris
1222 1532 1259 1589 et

403 1630 529 1703 Mariae
565 1629 754 1728 Hungariae
788 1629 948 1727 Reginae,
982 1629 1108 1727 quibus
1135 1630 1257 1727 gratis·

400 1746 505 1820 simus
538 1745 737 1820 habebatur.
770 1743 929 1818 Tandem
959 1744 1257 1820 turbulentissimis

401 1861 508 1935 ltaliae
520 1861 671 1935 motibus
688 1859 820 1958 pacatis
837 1859 959 1958 positis
975 1859 1077 1934 armis
1093 1859 1138 1934 ad
1156 1861 1256 1934 urba-

401 2001 481 2049 num
504 1977 612 2050 otium
630 1973 732 2048 rediit
748 1974 1009 2073 intermissaque
1026 1973 1140 2049 studia
1157 1991 1256 2050 tanto

400 2092 536 2190 recepit
552 2092 654 2166 animi
672 2090 807 2181 ardore,
819 2107 855 2164 ut
871 2116 910 2164 se
927 2090 1030 2164 etiam
1044 2090 1089 2165 ad
1101 2091 1256 2166 scriben-

400 2208 482 2281 dum
499 2206 707 2305 applicuerit
723 2223 759 2281 et
776 2230 862 2303 quas
879 2205 1001 2304 optimi
1026 2206 1153 2306 equitis
1178 2231 1255 2305 par·

400 2340 454 2397 tes
482 2326 588 2421 longo
619 2348 730 2397 rerum
766 2347 826 2396 usu
862 2321 1032 2395 didicerat
1060 2336 1097 2396 et
1121 2322 1256 2396 obierat

399 2437 541 2512 easdem
575 2462 697 2512 omnes
729 2435 774 2510 ad
809 2453 1023 2534 posterorum
1055 2437 1253 2511 memoriam

397 2554 582 2627 litterarum
626 2553 855 2627 monumentis
896 2550 1142 2626 commendare
1184 2578 1254 2626 non

398 2668 572 2742 dubitarit.
601 2668 712 2770 Quod
731 2667 871 2766 quidem
889 2692 978 2765 opus
996 2691 1120 2765 magna
1140 2692 1252 2741 rerum

399 2783 505 2880 copia
525 2783 688 2880 scriptum
715 2782 759 2856 ad
779 2807 897 2856 manus
914 2782 1016 2855 etiam
1036 2799 1169 2856 nostras
1189 2806 1254 2880 pu-

400 2899 492 2972 blice
513 2898 643 2973 editum
661 2901 765 2996 paulo
792 2915 872 2996 post
897 2913 1137 2995 perventurum
1167 2912 1251 2987 erat,

399 3015 462 3089 nisi
482 3015 540 3087 lati
558 3015 766 3089 necessitate
785 3014 1024 3112 imperfectum
1044 3012 1252 3111 impolitum-

399 3155 469 3229 que
487 3131 641 3204 relictum
659 3147 761 3204 esset.
781 3132 850 3202 lam
868 3154 974 3227 porro
983 3127 1166 3203 Ludovicus
1177 3129 1252 3203 No-

397 3248 517 3344 garola
542 3244 613 3344 (qui
638 3270 669 3319 a.
696 3266 785 3346 1559
802 3244 924 3334 obiitl7
950 3243 1149 3342 theologiae,
1176 3243 1251 3340 plri-

398 3361 579 3458 losophioe‚
605 3361 791 3433 litterarum
817 3363 1022 3433 Graecarum
1047 3356 1163 3433 studio
1181 3359 1251 3431 cla-

397 3501 465 3566 rus,
490 3476 648 3550 oratione
674 3501 777 3574 quam
803 3475 836 3546 in
863 3473 1029 3547 Concilio
1045 3471 1253 3547 Tridentino
