2850 4694
666 610 723 671 ²07

265 762 391 837 mihine
414 761 548 837 reddite
567 763 700 853 luerint,
719 766 789 837 loh.
811 765 896 838 Fed.
917 784 1032 840 noster
1055 783 1115 841 tuo

265 878 354 951 iussu
369 895 530 953 accurate
549 878 775 975 interrogavit.
798 882 985 955 Molestum
1004 881 1038 955 id
1056 907 1115 956 au·

265 994 338 1069 dire
347 1019 430 1069 sane
445 994 506 1068 luit
518 1011 554 1069 et
563 994 718 1069 dolorem
729 997 954 1094 exasperavit,
964 998 1059 1095 quod
1069 1023 1115 1072 eo

264 1110 388 1184 solatio
402 1110 506 1201 carui,
517 1109 612 1206 quod
631 1136 743 1184 meum
758 1113 871 1186 levare
881 1115 1007 1186 luctum
1018 1130 1115 1188 certe

265 1242 402 1323 poterat
422 1243 481 1300 aut
501 1226 607 1326 magis
625 1227 800 1326 magisque
819 1228 934 1303 lenire.
969 1231 1114 1304 Mollem
1147 1253 1157 1304 5

265 1342 437 1438 prolecto,
463 1343 490 1416 si
517 1342 650 1440 penitus
669 1368 736 1416 non
759 1342 948 1431 sedassent,
967 1361 1024 1418 tue
1045 1370 1116 1443 que

265 1474 474 1530 evanuerunt
499 1458 609 1531 littere
635 1457 791 1533 dolorem
815 1484 927 1533 meum
953 1484 996 1533 ex
1018 1458 1115 1534 obitu

265 1572 374 1646 sratris
383 1589 419 1646 et
433 1573 500 1647 lilie
514 1590 723 1671 conceptum
739 1574 912 1649 fecissent.
928 1577 1010 1648 Non
1024 1574 1114 1649 enim

267 1712 425 1785 umquam
441 1704 536 1762 tanto
553 1688 676 1762 dolore
689 1689 835 1764 afflictus
848 1715 933 1779 sum,
949 1689 1044 1787 quod
1058 1706 1117 1764 tua

265 1803 504 1877 consolatione
530 1830 598 1878 non
617 1805 779 1902 respirem
798 1829 841 1880 ac
858 1822 985 1903 pacato
1002 1805 1116 1880 animo
1132 1831 1161 1868 ιο

266 1945 335 1992 non
361 1919 620 2017 conquiescam,
643 1937 736 1993 tanta
752 1923 841 1994 solet
858 1946 935 1996 esse
954 1920 1116 1995 mulcedo

265 2034 482 2109 cumratione
490 2035 639 2110 condita.
653 2037 884 2111 Documentis
893 2061 1042 2135 namque
1051 2035 1116 2112 tuis

267 2178 334 2225 non
362 2151 471 2226 minus
492 2151 668 2226 intestinus
685 2151 787 2226 dolor
805 2169 921 2226 noster
938 2151 1115 2226 remoluis·

266 2285 319 2340 set
345 2292 446 2364 quam
478 2268 663 2342 Ciceronis
693 2267 868 2342 desiderio
898 2268 966 2342 lilie
996 2267 1116 2341 Servio

267 2382 419 2479 Sulpicio
437 2385 596 2480 placante
610 2400 646 2457 et
659 2384 855 2458 moderatus
872 2399 909 2456 et
925 2382 1116 2457 comminu-
1132 2407 1158 2458 ¹5

267 2515 319 2570 tus
345 2513 407 2571 est.
434 2498 618 2573 Venissent
636 2499 760 2572 utinam
780 2515 837 2572 tue
855 2498 966 2572 littere
985 2523 1065 2572 meo
1083 2497 1115 2570 in

266 2612 488 2687 acerbissimo
498 2638 591 2703 casu,
602 2639 670 2711 que
684 2639 866 2711 numquam
882 2639 1037 2711 magnum
1052 2612 1117 2688 do-

266 2731 374 2802 lorem
387 2728 542 2804 sivissent
559 2730 717 2804 invalere.
737 2732 805 2804 lam
823 2729 913 2803 enim
936 2729 982 2802 ita
999 2728 1116 2803 frictus

266 2870 351 2934 sum,
371 2861 407 2918 ut
424 2846 564 2944 langore
582 2846 736 2921 succidui
755 2846 902 2919 titubent
917 2869 1054 2942 gressus
1080 2860 1117 2918 et

267 2985 354 3035 cana
396 2961 503 3035 barba
537 2978 696 3036 nascatur
728 2985 771 3036 ac
800 2961 1023 3035 decoloratus
1052 2959 1114 3034 sim
1131 2985 1162 3022 ιο

267 3094 358 3151 totus
374 3076 538 3175 sanguine
556 3093 725 3151 exaustus.
738 3077 834 3178 Quid
853 3076 910 3150 ni?
927 3075 1116 3150 Amisidul·

267 3192 438 3267 cissimum
465 3192 613 3282 fratrem,
640 3217 743 3291 quem
762 3191 881 3292 paucis
899 3209 978 3290 post
994 3190 1116 3266 diebus

267 3307 486 3384 dilectissima
512 3308 579 3383 lilia
597 3333 711 3384 meaa
728 3309 796 3383 vita
813 3308 979 3384 deficiens
996 3308 1116 3384 subse-

313 3561 745 3626 (17lr..ufid.e(18)1.mc.
