2850 4694
666 584 716 666 185

267 752 394 851 ingenti
434 772 492 828 tua
530 754 740 850 benignitate
770 772 875 852 atque
906 753 1114 828 humanitate

265 870 416 943 confisus
440 887 477 943 et
503 870 628 943 hortari
655 887 691 943 et
719 895 841 968 rogare
864 895 931 943 non
950 869 1114 957 desinam,

267 1003 301 1057 ut
319 985 612 1082 quemadmodum
634 986 774 1082 coepisti
789 1010 935 1084 pergere
959 1011 1026 1060 non
1053 985 1114 1058 de-

264 1102 354 1175 sinas
376 1119 481 1198 atque
511 1102 542 1173 in
571 1101 605 1174 id
623 1100 770 1175 studium
790 1102 821 1173 in
841 1127 912 1198 quo
929 1126 967 1174 es
990 1101 1037 1175 ita
1053 1125 1115 1174 co-

265 1216 355 1289 neris
384 1217 593 1307 incumbere,
621 1242 693 1314 quo
711 1217 862 1290 omnium
880 1217 1022 1291 aliorum
1039 1218 1115 1313 glo·
1147 1246 1155 1293 s

264 1333 345 1406 riam
389 1333 500 1430 possis
542 1333 739 1431 adaequare.
784 1333 870 1406 Vale
904 1331 1011 1406 decus
1046 1358 1113 1405 non

264 1448 436 1521 minimum
466 1449 578 1522 aetatis
610 1463 746 1522 nostrae.
779 1448 933 1522 Venetiis
963 1450 1003 1519 V.
1036 1447 1114 1521 idus

266 1564 489 1637 Decembris.

311 1784 345 1846 (r)
363 1783 456 1846 ingenti
481 1783 537 1846 (om.
559 1785 611 1847 tua)
637 1785 704 1832 hum.
730 1792 808 1845 atque
826 1784 885 1832 ben.
905 1783 968 1833 GM.
1003 1782 1037 1847 (ι)
1054 1796 1114 1832 con·

263 1863 325 1910 nixus
342 1863 395 1912 CV.
431 1862 464 1925 (ι)
489 1863 645 1925 quemadm]
673 1876 726 1924 quo
749 1877 820 1912 more
842 1864 870 1911 Ε.
912 1863 1010 1924 caepisti
1024 1864 1052 1919 E,
1071 1876 1113 1911 ce·

263 1943 320 2003 pisti
338 1943 449 1991 CGMV.
483 1943 551 2006 (Μ)
568 1943 676 1992 desistas
690 1945 743 1991 EV.
777 1942 811 2006 (⁴)
827 1943 876 1991 ade
892 1943 922 1991 C.
956 1942 990 1991 nd
1004 1943 1030 1991 id
1048 1945 1111 1992 GM.

264 2021 297 2082 (ti
322 2035 422 2070 omnem
446 2023 474 2069 E.
508 2023 612 2071 aliarum
636 2022 723 2072 CGM.
765 2022 799 2084 (ὁ)
824 2031 911 2084 posset
937 2016 1000 2072 M>
1017 2024 1051 2086 (7)
1077 2024 1112 2071 Ex

264 2102 327 2148 Ven.
346 2102 377 2148 G.
412 2101 477 2163 ydus
493 2102 530 2149 M.
565 2102 597 2162 (7.
616 2101 640 2164 8)
659 2103 688 2149 V.
710 2102 768 2150 idus
787 2103 851 2150 Dec.
870 2115 916 2149 om.
933 2103 965 2150 G.
