2850 4694
575 601 609 661 19

164 779 237 828 nam
257 754 436 853 deponere
463 754 646 828 videamur.
678 757 925 850 Posteaquam
947 757 1013 827 Pa-

162 871 284 944 tavium
299 869 434 961 adveni,
445 887 496 943 tot
510 895 565 942 me
585 870 736 966 undique
746 894 839 943 curae
850 869 1012 944 sollicita-

161 985 407 1083 runt,undique
416 1001 467 1059 tot
476 985 645 1058 molestiae
655 987 761 1057 latera
770 983 1012 1074 confoderunt,

162 1119 197 1174 ut
222 1100 419 1175 multotiens
454 1100 543 1173 illam
579 1099 670 1172 diem
706 1099 825 1173 luerim
862 1099 1013 1173 detesta-

118 1259 121 1263 >
160 1233 223 1305 tus,
256 1241 325 1315 qua
354 1215 453 1290 istinc
483 1215 696 1290 discessurus
726 1241 852 1312 equum
888 1240 1011 1289 ascen·
1044 1245 1054 1295 r

160 1331 278 1406 derim.
299 1333 465 1406 Ceterum
484 1356 618 1420 vereor,
638 1356 681 1404 ne
700 1355 755 1404 me
773 1330 899 1428 putetis
917 1331 1012 1404 blan-

160 1446 249 1521 ditiis
280 1447 386 1546 magis
411 1464 447 1522 et
473 1446 765 1520 commentatione
796 1446 879 1519 salsa
909 1470 1010 1543 quam

159 1588 242 1636 vero
268 1562 369 1636 animi
404 1561 532 1636 iudicio
555 1562 587 1633 in
615 1561 865 1635 laudationibus
891 1561 1011 1635 vestris

159 1677 250 1752 eniti.
285 1680 388 1752 Plura
405 1677 578 1766 dicerem;
606 1676 668 1750 sed
688 1694 724 1749 ut
741 1676 874 1774 pugiles
892 1701 1011 1774 quam-

158 1794 207 1868 vis
216 1794 406 1885 exercitati,
417 1795 444 1868 si
455 1818 590 1892 pugnos
600 1811 636 1866 et
649 1795 767 1891 plagas
778 1792 1009 1890 Olimpiorum
1027 1823 1056 1858 ιο

158 1910 274 2008 cupidi
301 1910 390 1984 lerre
417 1909 689 2004 constantissime
720 1925 873 2007 possunt,
901 1911 1008 1982 solem

158 2041 272 2099 tamen
299 2051 394 2124 saepe
413 2027 561 2100 tolerare
592 2051 661 2098 non
692 2026 818 2114 valent,
850 2024 899 2097 sic
929 2050 1008 2122 ego,

157 2165 235 2216 cum
249 2141 408 2214 omnibus
423 2141 455 2214 in
470 2143 572 2215 rebus
590 2139 830 2214 adoctissimis
848 2156 884 2212 et
902 2139 1009 2213 diser·

157 2256 290 2332 tissimis
323 2257 402 2331 viris
439 2257 629 2356 saepissime
671 2256 849 2330 lacessitus
883 2281 1008 2354 magno

156 2372 280 2464 animo,
316 2397 447 2446 summa
481 2371 783 2446 commendatione
818 2371 1050 2469 responde-15

113 2584 120 2594 .
156 2488 228 2577 rim,
247 2489 431 2562 litterarum
450 2505 635 2562 vestrarum
654 2486 875 2586 splendorem
895 2487 1008 2561 insue-

157 2621 224 2678 tum
243 2629 334 2678 nunc
352 2630 408 2678 me
434 2604 530 2702 quasi
556 2606 664 2677 solem
691 2629 760 2677 non
779 2602 894 2678 tulisse
916 2603 1007 2677 haud

203 2924 234 2985 (r.
246 2922 270 2985 ι)
280 2923 420 2985 Postquam
428 2923 549 2972 Putavum
558 2923 618 2984 CM,
630 2932 689 2986 post
697 2931 814 2987 patavum
823 2925 855 2974 G.
890 2922 924 2986 (ι)
936 2937 1006 2974 cure

154 3003 267 3065 undique
291 3002 321 3053 C
353 3003 425 3052 solie.
452 3003 537 3052 CMV.
572 3001 607 3066 (4)
630 3003 698 3052 illum
723 3003 790 3052 codd.
825 3001 859 3066 (ς)
883 3003 949 3052 illinc
977 3005 1004 3052 V.

153 3081 254 3132 decess.
274 3082 303 3132 C.
338 3097 440 3144 aequum
460 3085 486 3131 V.
519 3082 553 3146 (ό)
571 3084 718 3132 Cetereum
733 3085 758 3130 V.
794 3081 827 3146 (7)
840 3083 918 3145 magis
934 3096 1004 3131 omm.

154 3163 216 3212 GM.
249 3164 492 3212 commemoratione
508 3164 537 3222 C,
557 3163 727 3213 comitacione
749 3164 781 3222 G,
802 3163 963 3212 conitacione
977 3175 1006 3211 ex

153 3244 320 3293 eomitacione
329 3245 367 3293 M.
391 3244 451 3292 laisa
459 3257 504 3292 om.
517 3245 549 3293 G.
585 3242 776 3304 (llllaudacione
789 3243 844 3293 lom.
857 3243 957 3305 vestris)
971 3244 1003 3292 G.

152 3321 186 3385 (9)
197 3323 267 3386 eniti]
280 3324 389 3373 enimc
421 3324 570 3388 pugillesC.
604 3322 654 3385 (ιο)
664 3323 762 3371 excitati
775 3322 829 3371 CV.
864 3336 961 3385 pugnas
971 3325 1003 3372 G.

152 3403 202 3465 (rr)
230 3404 290 3452 ferri
319 3404 352 3452 G.
414 3403 464 3466 (υ)
491 3405 613 3452 tollerare
641 3402 709 3451 codd.
770 3402 807 3451 sic
836 3416 905 3450 omm.
939 3403 1003 3452 GM.

152 3482 199 3544 (ις.
219 3485 256 3547 14)
272 3497 288 3532 e
304 3484 374 3534 doct.
388 3484 449 3533 viris
460 3492 485 3532 et
498 3482 695 3547 diligentissimis
706 3483 795 3544 sepius
807 3482 871 3531 GM.
905 3481 955 3545 (ις)
966 3496 1006 3531 re·

152 3562 308 3624 sponderem
321 3564 355 3624 G,
370 3561 537 3626 responderis
548 3564 587 3612 Μ.
621 3559 672 3626 (16)
684 3563 811 3612 insuetum
827 3564 876 3625 spi.
896 3563 930 3612 G.

867 3671 896 3723 ³0
