2850 4694
681 902 811 972 XXIV.

599 1212 736 1269 Nerone?
759 1225 781 1259 a.
803 1212 888 1275 1438?)

342 1489 431 1560 Isola
456 1486 625 1584 Nogarola
641 1486 865 1585 splendissime
885 1488 984 1587 aquili
998 1489 1146 1563 Domino

504 1602 642 1676 Felln'no
660 1602 804 1676 Boziatdo
819 1606 852 1677 8.
871 1607 909 1677 Ρ.
929 1607 977 1678 D.

339 1898 375 2013 »ἢ
408 1905 457 1998 ᾗ
493 1938 546 1985 un
584 1936 604 1985 a
634 1913 833 2010 Lavagnolo
863 1938 943 1988 meo
986 1938 1094 2012 nuper
1123 1941 1168 1990 ex

338 1924 415 2195 (ἃ
444 2052 484 2109 ,a
515 2027 651 2100 Mutina
672 2028 828 2102 redeunti
855 2032 960 2103 multa
980 2054 1083 2127 super
1111 2057 1166 2104 ur·

322 2131 340 2152 ⁸
392 2105 473 2223 &ia
513 2144 592 2216 bem
623 2144 819 2241 rogitarem,
845 2145 889 2218 ad
929 2163 962 2218 te
989 2162 1164 2243 tamquam

314 2262 358 2333 ad
384 2261 552 2358 singulare
585 2258 670 2333 illius
700 2259 808 2333 decus
838 2278 942 2357 atque
980 2285 1164 2335 ornamen-

314 2392 383 2449 tum
418 2376 566 2449 devenit.
612 2376 681 2449 Etsi
724 2394 781 2449 tua
823 2375 867 2449 ad
911 2401 973 2449 nos
1016 2378 1048 2448 in
1087 2378 1164 2452 dies

271 2516 301 2553 ιο
313 2491 500 2565 clarissima
521 2491 610 2565 lama
629 2517 693 2565 una
711 2492 862 2564 omnium
880 2516 968 2565 voce
986 2492 1164 2585 volitabat,

313 2625 383 2681 tum
418 2624 545 2704 quanta
578 2624 635 2681 tua
670 2607 769 2680 suerit
803 2607 924 2696 virtus,
960 2608 1163 2701 humanitas,

312 2723 523 2819 eloquentia,
549 2747 593 2796 ex
618 2746 664 2795 eo
681 2746 799 2795 coram
818 2721 977 2794 facillime
999 2725 1161 2819 cognovi.

315 2840 427 2912 Multa
463 2839 554 2911 enim
593 2837 626 2911 in
665 2837 800 2912 laudem
839 2837 996 2910 virtutum
1030 2853 1163 2913 tuarum

360 3077 450 3125 Collati
468 3084 543 3125 sunt:
561 3076 652 3126 Codex
670 3076 876 3127 vindobonensis
889 3090 925 3124 nr.
942 3076 998 3135 3481
1012 3074 1063 3139 (C),
1083 3075 1164 3127 Guel-

312 3156 459 3219 ferbytanus
476 3157 530 3220 (G),
549 3159 711 3207 Monacensis
725 3158 784 3221 (NJ,
804 3158 960 3206 Veronensis
976 3156 1028 3219 (V).

360 3238 393 3300 (ς)
412 3241 506 3287 Ysotha
524 3240 556 3296 G,
577 3241 653 3286 lsotta
674 3240 700 3286 V.
744 3240 872 3301 Nagarola
897 3238 930 3286 G.
964 3236 1164 3299 spendidissimo

313 3319 428 3378 equestri
454 3319 482 3367 C.
526 3317 559 3379 (4)
585 3319 699 3366 Veltrino
725 3319 757 3366 G.
800 3317 919 3379 Boyardo
937 3317 975 3373 M,
1002 3316 1112 3365 Baiardo
1133 3319 1161 3366 V.

313 3399 338 3446 S.
359 3400 386 3445 Ρ.
405 3400 437 3445 D.
456 3411 501 3446 om.
522 3400 554 3457 G,
575 3400 607 3446 D.
621 3412 666 3446 om.
687 3398 715 3446 C.
751 3396 782 3458 (ὁ.
794 3398 818 3458 7)
836 3397 900 3445 urbe
913 3398 939 3444 V.
975 3395 1008 3458 (7)
1024 3396 1057 3444 ad
1073 3410 1119 3445 om.
1131 3398 1162 3447 C.

314 3477 347 3540 (8)
363 3480 451 3538 atque}
467 3487 492 3526 et
509 3479 569 3527 CM.
606 3477 638 3541 (9)
656 3479 679 3526 ln
696 3477 793 3526 diesad
806 3490 852 3525 nos
865 3477 928 3525 GM.
964 3476 1011 3538 (ιι)
1024 3478 1119 3540 tunelll
1133 3479 1161 3537 V,

313 3568 396 3607 tamen
414 3559 473 3606 CM.
509 3559 557 3620 (υ)
575 3558 681 3605 sacilime
699 3557 786 3605 CGM.
