2850 4694
870 624 909 671 CL

456 773 499 825 dei
523 773 594 825 dicto
617 777 686 825 iecto
701 776 793 838 scripsi
807 775 842 825 de
859 776 962 826 volunta
978 790 994 826 e
1009 776 1221 828 comandamnto
1236 778 1272 828 de
1288 781 1312 828 ia

456 852 525 904 dicta
549 852 661 904 Madona
687 856 806 915 Biancita.
832 869 848 905 e
874 869 953 918 praga
969 855 1127 919 iinirascripti
1144 859 1225 907 notari
1243 872 1259 907 u
1275 867 1312 908 te·

457 935 558 985 stimoni
576 935 626 984 che
641 948 672 984 se
690 935 792 985 voiiano
808 944 868 985 soto
883 937 996 986 scrivere
1012 950 1028 985 a
1044 940 1070 986 io
1086 936 1156 988 dicto
1171 952 1220 988 suo
1236 947 1313 989 testa·

456 1021 552 1074 mento,
571 1016 594 1063 in
611 1015 758 1066 testimonio
775 1014 809 1065 de
826 1018 850 1065 ie
865 1018 924 1077 quai
941 1029 1017 1066 cosae
1039 1030 1080 1066 me
1096 1032 1114 1068 o
1130 1028 1199 1068 sotto
1215 1020 1312 1083 scripto

457 1108 473 1144 e
496 1108 515 1146 o
538 1095 655 1158 sigiiiado
680 1108 729 1145 oon
754 1096 780 1145 io
796 1095 847 1144 mio
862 1098 947 1146 aneiio
964 1097 1046 1160 primo
1063 1099 1218 1149 saiimbacho
1234 1110 1312 1162 posto

456 1172 491 1223 da
512 1176 535 1224 ia
560 1182 633 1238 parte
658 1173 745 1225 destra
769 1175 813 1224 dei
837 1174 909 1225 dicto
925 1189 974 1225 suo
991 1183 1146 1226 testamento
1162 1180 1186 1227 ei
1202 1181 1280 1239 quate
1296 1193 1312 1227 e

458 1267 506 1303 una
523 1260 589 1303 testa
604 1253 638 1303 de
656 1255 733 1304 homo
748 1267 763 1303 a
780 1254 805 1304 di
822 1268 838 1302 e
855 1255 987 1305 millesimo
1003 1257 1187 1318 suprascripto.

505 1334 561 1397 Ego
571 1333 640 1383 dom.
655 1335 748 1384 Petrus
759 1334 914 1395 Capelianus
925 1336 948 1383 in
962 1335 1075 1386 Ecclesia
1091 1337 1174 1386 Sancti
1191 1338 1311 1400 Stephani

457 1414 561 1463 verone
579 1427 627 1462 una
643 1426 701 1464 curn
718 1413 882 1475 infrascriptis
898 1414 1008 1463 testibus
1023 1413 1055 1464 ad
1073 1416 1156 1465 omnia
1172 1425 1199 1465 et
1215 1417 1312 1478 singula

457 1492 481 1541 in
507 1495 557 1542 hoc
581 1493 673 1556 pagine
690 1493 817 1554 presentis
835 1493 947 1543 inferiori
964 1495 1053 1557 spacio
1068 1494 1135 1546 iacta
1150 1504 1270 1545 contenta
1287 1505 1313 1545 et

456 1572 552 1635 scripta
568 1585 616 1634 per
632 1573 831 1635 suprascriptum
850 1576 882 1622 D.
903 1574 1022 1623 iohanern
1039 1576 1159 1625 omnibus
1170 1576 1242 1625 simui
1254 1590 1312 1638 pre·

457 1651 573 1701 sentibus
599 1660 625 1701 et
653 1660 756 1715 rogatus
781 1654 804 1701 in
829 1653 885 1716 ipsa
907 1654 1000 1717 pagine
1024 1655 1132 1717 eiusque
1157 1663 1311 1704 testamento

458 1732 634 1794 suprascripte
658 1734 769 1783 Domine
794 1735 907 1784 Biancite
923 1733 1042 1785 mandato
1058 1749 1114 1785 mea
1130 1749 1204 1785 manu
1229 1737 1252 1785 in
1276 1745 1313 1785 te·

460 1818 526 1860 atem
542 1824 583 1860 ute
599 1811 740 1874 subscripsi
752 1821 778 1861 et
789 1826 846 1862 eam
854 1814 937 1877 sigilio
948 1815 1113 1877 suprascripti
1126 1816 1227 1865 Domini
1240 1816 1312 1865 iona·

457 1891 496 1941 nis
511 1891 605 1955 signavi
622 1891 732 1942 itabente
749 1892 773 1941 in
789 1893 886 1944 circuio
898 1901 974 1958 caput
986 1895 1092 1944 hominis
1103 1904 1212 1959 propter
1223 1909 1310 1946 caren-

457 1972 516 2021 tiam
532 1972 604 2035 sigilii
621 1972 718 2035 proprii
734 1971 778 2023 die
794 1981 821 2023 ct
831 1974 964 2023 millesimo
974 1976 1150 2038 suprascripto
1161 1976 1185 2024 in
1196 1974 1313 2026 secundo

456 2049 613 2101 aumbacuo
628 2051 716 2114 posito
731 2065 747 2101 a
762 2065 837 2102 manu
853 2051 951 2103 dextra.

506 2132 562 2194 Ego
587 2132 680 2181 Petrus
703 2130 738 2181 de
766 2133 893 2183 Ponzonis
916 2133 933 2182 i.
960 2146 986 2195 q.
1005 2121 1066 2183 D.¹¹¹
1086 2133 1189 2183 Abrami
1205 2132 1240 2183 de
1256 2132 1314 2184 §.⁸⁰

457 2210 589 2274 Stephano
612 2211 716 2260 verone
743 2212 861 2274 publicus
879 2213 1017 2277 imperialia
1032 2213 1183 2264 auctoritate
1200 2215 1314 2264 notarius

457 2299 484 2342 et
509 2290 588 2340 iudex
611 2289 755 2341 ordinarius
781 2306 829 2342 una
845 2306 902 2344 cum
918 2295 1095 2357 suprascripto
1111 2292 1215 2343 domino
1234 2296 1314 2344 Petro

457 2377 484 2420 et
507 2369 671 2433 infrascriptis
693 2371 748 2420 aiiis
772 2371 881 2422 testibus
904 2371 938 2422 ad
954 2373 1038 2423 omnia
1062 2381 1089 2422 et
1111 2374 1210 2437 singula
1224 2388 1314 2437 supra·

457 2449 553 2513 scripta
564 2449 588 2498 in
605 2451 680 2500 iruius
695 2450 787 2514 pagine
804 2450 915 2501 interiori
932 2453 1021 2515 spacio
1037 2460 1158 2502 contenta
1173 2461 1200 2503 et
1217 2455 1314 2517 scripta

458 2541 508 2592 per
522 2530 723 2592 suprascriptum
740 2530 797 2579 ΒΡ
819 2532 960 2581 ioaitencm
984 2532 1103 2582 omnibus
1119 2533 1191 2582 simui
1208 2547 1314 2596 presen-

458 2608 527 2659 tibua
550 2618 576 2658 et
600 2610 695 2673 rogatis
711 2610 736 2658 in
753 2610 807 2674 ipsa
823 2611 914 2674 pagina
930 2612 1040 2675 eiusque
1056 2621 1210 2663 testamento
1226 2627 1314 2677 supra-

458 2688 555 2751 scripte
567 2689 678 2738 Domine
695 2689 808 2740 Biancite
823 2688 943 2741 mandato
958 2704 1016 2740 mea
1032 2704 1106 2741 uranu
1123 2692 1147 2741 in
1164 2702 1257 2742 testem
1273 2707 1314 2742 me

458 2766 599 2831 subscripsi
615 2776 642 2819 et
658 2781 716 2818 cum
731 2769 815 2832 sigilio
825 2783 885 2821 meo
895 2779 1023 2821 consueto
1035 2771 1147 2822 habente
1157 2773 1314 2834 quarterium

459 2846 554 2911 signavi
578 2847 601 2896 in
625 2848 707 2898 tercio
722 2848 880 2900 saiimbacito
894 2862 911 2899 a
927 2863 1000 2899 manu
1017 2850 1117 2900 sinistra
1133 2849 1177 2901 die
1193 2861 1220 2902 et
1237 2853 1314 2902 mitte·

459 2926 524 2977 simo
539 2928 726 2992 suprascriptis.

507 3006 563 3071 Ego
580 3008 673 3056 Petrus
690 3007 784 3057 Pauius
800 3016 888 3059 rector
903 3008 1039 3059 acoiarium
1051 3022 1078 3071 q.
1091 3010 1127 3059 Μ.
1148 3009 1264 3059 iohannis
1279 3008 1314 3059 de

459 3086 554 3138 sanem
575 3087 706 3150 Stephano
729 3088 834 3138 Verona
851 3102 900 3138 una
915 3100 973 3139 cum
988 3089 1168 3152 suprascriptis
1193 3097 1219 3138 et
1242 3089 1314 3138 inira·

460 3166 561 3230 seriptis
577 3168 686 3218 testibus
696 3166 729 3217 ad
740 3168 825 3218 omnia
841 3177 868 3218 et
884 3168 982 3233 singula
998 3169 1022 3218 in
1040 3170 1087 3219 nac
1103 3168 1194 3232 pagina
1209 3182 1314 3231 presen-

459 3246 492 3296 tia
508 3245 620 3296 interiori
636 3247 726 3309 spacio
741 3246 807 3297 iacta
822 3256 849 3297 et
865 3247 961 3311 scripta
976 3260 1025 3310 per
1039 3248 1239 3310 suprascriptum
1257 3250 1313 3296 D.m

462 3326 598 3376 iohannem
614 3327 790 3391 suprascripto
805 3326 839 3377 dc
862 3326 981 3378 mandato
1004 3328 1179 3391 suprascripte
1204 3328 1314 3377 Domine

462 3404 574 3455 Bianche
598 3405 633 3456 de
657 3406 795 3471 Nogaroiis
818 3419 876 3457 ntea
898 3419 972 3459 manu
996 3407 1100 3470 propria
1124 3408 1257 3458 intestam
1274 3422 1314 3455 me

460 3484 599 3547 sumunt
610 3493 637 3535 ei
647 3498 705 3535 cum
716 3486 799 3549 sigum
815 3486 980 3549 supmenpu
997 3474 1056 3535 ori
1073 3487 1190 3537 tonantis
1201 3487 1314 3536 moenie

461 3572 539 3627 caput
556 3565 663 3615 nominis
678 3566 773 3629 signavi
790 3566 814 3615 in
830 3566 988 3617 rimmo
1002 3573 1098 3629 quarto
1112 3579 1214 3617 arnanu
1225 3566 1315 3617 dextra
