2850 4694
551 617 586 663 tv

140 774 241 845 lsotae
260 792 404 848 mortem
423 774 561 847 demum
579 775 677 848 Sixto
703 779 842 876 Quarto
873 778 992 851 Ponti·

139 888 206 963 fiee
242 890 398 963 Maximo
432 889 698 989 (1471—1484)
733 910 894 990 receptus
927 912 991 985 est,

138 1002 290 1101 denique
326 1008 498 1080 Matthaeo
525 1009 649 1097 Bosso,
676 1006 733 1103 qui
764 1007 851 1081 inter
868 1033 991 1082 annum

145 1140 228 1220 ¹45¹
256 1137 292 1194 et
324 1123 414 1223 1456
445 1125 546 1196 lsotae
572 1121 617 1196 de
642 1123 866 1197 altercatione
892 1139 996 1222 nuper

138 1259 217 1309 cum
253 1237 433 1312 ludovico
467 1241 666 1312 Fuscareno
710 1239 801 1312 urbis
842 1242 993 1313 Veronae

139 1369 288 1449 praetore
306 1354 422 1427 habita
438 1356 680 1452 gratulabatur,
707 1355 788 1427 nihil
815 1354 860 1428 de
886 1357 993 1429 altera

138 1467 266 1566 dialogi
301 1469 505 1544 recensione
540 1470 737 1545 innotuisse.
782 1473 903 1572 Quare
936 1472 991 1544 vix

138 1600 255 1681 potest
283 1582 441 1669 dubitari,
468 1585 549 1682 quin
577 1584 721 1659 codices
746 1587 805 1683 qui
834 1585 991 1659 Aldinam

137 1698 264 1799 dialogi
283 1701 520 1775 recensionem
547 1702 752 1776 exhiberent
768 1728 812 1777 ex
827 1703 901 1801 ipsa
918 1703 993 1778 edi-

137 1816 232 1890 tione
249 1815 374 1890 Aldina
391 1816 554 1915 descripti
572 1818 648 1891 sint.
659 1818 691 1864 ⁶⁶

187 1931 281 2005 ldem
307 1931 403 2030 quod
429 1934 531 2006 lsotae
556 1950 592 2006 et
619 1934 811 2027 Fuscareni
831 1933 876 2007 de
902 1933 991 2010 Adae

136 2064 173 2121 et
215 2050 296 2121 Evae
339 2065 490 2145 peccato
530 2049 745 2122 contentioni
779 2049 919 2140 accidit,
956 2066 992 2124 ut

136 2187 157 2236 a
184 2163 371 2238 Francisco
399 2165 578 2261 Nogarola
604 2164 875 2263 interpolaretur,
898 2164 990 2238 idem

136 2278 306 2354 accidisse
324 2278 458 2353 videtur
476 2279 606 2377 Elegiae
628 2283 710 2354 «ΒΘ
723 2280 880 2354 laudibus
897 2282 991 2380 Cya-

138 2395 192 2469 nei
210 2395 314 2468 ruris·
341 2419 420 2493 quae
445 2396 508 2468 sub
535 2397 637 2469 lsotae
665 2395 802 2469 nomine
828 2396 861 2468 in
891 2399 991 2471 calce

137 2509 297 2583 editionis
317 2508 452 2583 Aldinae
470 2527 506 2583 et
523 2510 555 2582 in
574 2509 756 2585 codicibus
773 2511 832 2608 qui
849 2536 894 2585 ex
924 2513 990 2585 hac

137 2625 290 2699 editione
303 2625 473 2699 fluxerunt
485 2624 653 2724 legitur.⁶⁷
668 2628 703 2698 ln
717 2650 874 2723 quacum
885 2642 992 2724 poeta

137 2743 298 2815 Castrum
315 2741 447 2831 Arzani,
466 2740 561 2838 quod
580 2742 760 2840 Cyaneum
778 2766 834 2815 rus
847 2741 990 2838 poetico

138 2857 275 2930 nomine
288 2874 401 2946 vocat,
415 2881 436 2930 a
448 2857 571 2955 Cyane
586 2857 759 2954 Nympha,
772 2856 990 2954 Proserpinae

136 2973 243 3062 socia,
262 2999 342 3071 quae
362 2973 579 3071 Proserpinae
605 2989 703 3070 raptu
721 2973 901 3070 perterrita
918 2988 991 3046 tota

138 3089 210 3163 sere
228 3089 322 3163 ltalia
339 3106 519 3187 peragrata
536 3087 674 3162 tandem
689 3087 746 3161 hic
761 3089 852 3162 lassa
865 3112 990 3162 conse-

137 3204 235 3294 derit,
263 3230 389 3279 nomen
406 3205 587 3303 accepisse
604 3204 706 3295 canit,
725 3204 835 3303 ipsum
854 3203 990 3278 samiliae

139 3322 328 3419 Nogarolae
369 3320 638 3394 amoenissimum
678 3323 848 3394 rusculum
882 3318 990 3417 digno

138 3437 316 3533 praeconio
333 3439 498 3526 celebrat,
517 3436 612 3535 quod
631 3439 820 3535 Gonzagae,
833 3439 989 3510 Mantuae

137 3552 309 3651 principis,
325 3553 450 3626 loviani
467 3553 613 3627 Pontani
628 3570 664 3626 et
676 3552 810 3627 loannis
822 3551 988 3651 Naugerii
