2850 4694
677 607 711 689 35

266 775 501 876 negotiatoris
537 777 732 875 negotiator
772 794 809 852 et
850 793 946 851 sutor
987 775 1119 868 iudicis,

265 893 458 991 reliquique
476 893 644 991 deinceps
661 892 822 990 optarint,
840 892 1002 990 quotiens
1019 893 1119 991 quin

266 1010 356 1107 piam
386 1035 450 1084 suo
478 1009 615 1083 minime
645 1009 771 1083 sedens
800 1009 915 1082 animo
941 1009 1120 1107 continget

265 1125 404 1198 offerri?
431 1124 570 1226 Quodsi
588 1123 672 1221 quid
697 1149 718 1198 a
744 1149 800 1197 me
825 1141 936 1197 ortum
964 1140 1017 1197 est
1035 1123 1119 1196 iniu-

265 1240 336 1331 riae,
368 1257 448 1313 tene
475 1243 638 1339 plangere
665 1265 708 1313 an
727 1265 783 1314 me
809 1239 960 1314 miserari
985 1239 1119 1336 aequius
1151 1270 1161 1320 t

264 1360 362 1428 erat?
398 1358 474 1453 Ipsa
508 1373 542 1430 te
577 1356 790 1430 conscientia
824 1372 860 1429 et
885 1372 981 1429 recte
1010 1354 1119 1428 lacto

264 1496 337 1543 rum
357 1469 554 1545 recordatio
573 1474 697 1562 laetam,
718 1471 869 1562 hilarem,
894 1471 1118 1559 renidentem,

264 1587 525 1684 magnanimam,
544 1604 760 1661 constantem
774 1604 810 1660 et
819 1587 852 1659 in
862 1586 1003 1660 muliere
1012 1586 1117 1658 virum

265 1702 369 1776 iaciat
385 1727 475 1800 opus
498 1719 561 1793 est,
580 1702 748 1800 quidquid
766 1703 939 1793 obveniat,
957 1728 1029 1800 quo
1047 1702 1119 1774 irri-

265 1816 389 1907 dearis,
409 1836 445 1890 ut
462 1816 559 1907 dicis,
579 1835 615 1891 et
632 1834 708 1892 tuus
727 1835 761 1891 te
779 1818 956 1892 cavilletur
975 1815 1065 1891 ordo
1083 1833 1119 1890 et
1134 1846 1164 1883 10
1233 1898 1238 1910 .

264 1932 348 2006 asini
388 1932 573 2023 mordicus,
600 1934 709 2008 boves
746 1933 908 2007 cornibus
947 1934 1116 2007 insultent.

266 2049 357 2121 Cum
396 2049 486 2123 enim
521 2049 728 2147 intelligeres
765 2066 858 2123 tuum
889 2050 921 2122 in
960 2075 1015 2122 me
1053 2074 1117 2150 pro

265 2164 427 2238 litteraria
453 2165 540 2238 inter
577 2190 640 2238 nos
679 2164 932 2239 necessitudine
965 2164 1116 2239 officium

267 2279 392 2354 iecisse
428 2280 564 2377 scriptis
593 2279 638 2353 ad
668 2306 723 2354 me
754 2297 822 2354 tam
852 2280 1021 2370 suavibus,
1048 2297 1116 2353 tam

266 2396 405 2486 ornatis,
424 2414 491 2469 tam
518 2395 754 2469 laudatissimis
779 2395 898 2469 litteris
924 2392 1012 2491 (nam
1030 2395 1119 2469 sicut
1134 2422 1160 2473 ιε

314 2623 348 2686 (ι)
373 2625 561 2688 negociacionis
586 2626 642 2674 RV.
677 2625 711 2689 (a)
734 2634 761 2675 et
786 2626 877 2687 reliqui
893 2639 953 2688 qum
970 2625 995 2674 d.
1013 2634 1064 2689 apt.
1087 2627 1115 2672 V.

266 2704 462 2768 (malquepiam
479 2705 509 2754 C.
550 2704 584 2768 (ς)
601 2719 649 2754 suo
666 2706 766 2755 nomine
781 2706 873 2755 sideris
889 2707 922 2755 R,
955 2705 1067 2768 contigat
1085 2705 1115 2763 C,

266 2785 371 2848 contigit
386 2785 450 2834 GM.
484 2783 519 2848 (4)
536 2785 616 2848 Quod
625 2786 730 2847 quidem
737 2787 829 2836 siame
840 2787 872 2847 G,
883 2785 963 2848 Quod
979 2784 1084 2846 quidem
1095 2785 1116 2833 si

266 2864 432 2926 quideme
456 2866 494 2914 Μ.
539 2864 574 2928 (ς)
597 2873 623 2915 te
647 2880 697 2918 non
720 2868 755 2928 pl.
781 2867 813 2915 G.
846 2869 938 2929 plange
963 2865 992 2914 C.
1025 2878 1056 2913 ac
1087 2866 1115 2913 V.

266 2957 351 3006 equus
365 2931 632 3009 aupmacn'pm'equius
645 2947 671 2993 V.
706 2945 740 3008 (ό)
758 2943 874 3007 ermuli)
890 2945 919 2994 C
954 2941 988 3006 (7)
1006 2944 1117 3005 hylarem

267 3024 329 3084 ΟΜ,
348 3025 381 3073 ill.
400 3026 432 3074 R.
467 3026 618 3075 renitentem
644 3026 729 3084 CMR,
756 3034 927 3075 remorantem
945 3025 978 3073 G.
1013 3023 1047 3086 (8)
1067 3037 1117 3071 ma-

266 3118 342 3168 gnum
367 3106 399 3165 G,
424 3107 606 3169 magnanimum
622 3107 660 3155 Μ.
703 3107 726 3154 in
743 3106 835 3155 milicie
852 3105 881 3155 c
924 3103 958 3167 (9)
974 3103 1054 3152 lerant
1077 3104 1114 3152 Μ.

266 3185 406 3248 quamquid
429 3186 458 3243 C,
479 3186 616 3248 quicquam
639 3187 676 3245 Μ,
708 3184 830 3247 quicquid
850 3186 882 3233 R.
925 3183 1059 3232 obvenerit
1082 3183 1113 3230 R.

266 3266 317 3330 (ιο)
329 3273 355 3314 et
367 3266 440 3315 cuius
451 3265 520 3314 tec
554 3273 580 3314 te
592 3279 638 3314 om.
649 3267 680 3315 R.
715 3264 873 3314 oevileturc.
908 3263 1114 3327 (11Jm.etb.R.

266 3346 384 3395 insultant
393 3346 457 3395 GM.
483 3346 492 3404 (
497 3349 533 3407 ιι)
542 3346 683 3408 intelligens
695 3345 790 3407 G(l)M.
814 3352 867 3393 tum
879 3346 906 3392 V.
925 3347 973 3407 (ιι.
989 3356 999 3391 1
1005 3347 1026 3403 ς)
1038 3356 1116 3405 prop·

267 3434 308 3474 ter
325 3426 447 3475 litteraria
464 3427 496 3486 G,
516 3434 625 3490 propter
641 3425 787 3474 litterariam
803 3426 840 3484 M,
860 3437 908 3486 per
924 3424 1059 3472 literarium
1086 3425 1112 3471 V.

266 3505 317 3568 (η)
343 3505 557 3555 necessitudinem
575 3507 608 3554 Μ
631 3507 686 3554 onte
709 3516 766 3554 oon.
811 3505 859 3566 (14.
881 3505 918 3568 ις)
941 3505 1115 3553 secisse-tam

266 3599 313 3634 om.
331 3586 365 3635 R.
398 3585 448 3649 (ις)
462 3585 637 3634 audacissimis
655 3585 687 3634 G.
721 3584 795 3633 sicuti
814 3584 878 3633 GM.
