2850 4694
679 599 733 643 xlv

281 749 531 845 duximus,quo
547 751 739 825 accuratius
759 752 791 823 in
810 776 927 824 earum
946 776 999 824 res
1016 768 1134 849 gestas

281 864 471 962 inquirendi
490 865 633 940 facultas
652 867 751 942 nobis
769 867 917 941 daretur.

298 998 303 1007 ’
330 983 479 1054 Matrem
500 981 662 1054 Blancam
681 983 812 1080 optime
831 982 876 1056 de
891 982 1030 1055 filiarum
1046 982 1132 1055 edu-

279 1097 418 1170 catione
448 1096 599 1170 meritam
631 1123 709 1171 esse
744 1098 809 1172 iam
843 1122 946 1195 supra
974 1097 1131 1187 vidimus,

280 1238 394 1311 neque
411 1211 465 1286 alii
479 1212 639 1309 cuiquam
658 1215 856 1311 praeclaram
867 1214 900 1286 in
911 1213 1029 1287 litteris
1039 1213 1131 1288 insti-

279 1329 443 1402 tutionem
475 1329 626 1403 debitam
657 1330 864 1419 reserabant,
892 1354 969 1403 cum
997 1347 1130 1427 patrem

280 1443 510 1533 Leonardum,
528 1444 625 1518 cuius
648 1471 774 1518 nomen
796 1470 840 1518 ne
863 1447 970 1518 semel
989 1445 1129 1542 quidem

238 1620 243 1631 .
279 1560 311 1632 in
333 1563 435 1635 lsotae
452 1561 683 1634 Zeneveraeve
709 1561 843 1658 scriptis
871 1561 1046 1650 invenitur,
1073 1561 1129 1634 vix

277 1674 418 1772 primam
436 1691 574 1749 aetatem
593 1701 743 1774 egressae
770 1677 834 1750 iam
862 1676 1003 1749 intera.
1039 1697 1123 1777 1425

276 1806 312 1864 et
352 1816 437 1886 ¹433
475 1791 715 1882 amisissent,²⁷
741 1809 777 1865 et
810 1817 932 1865 omnes
963 1818 1032 1865 uno
1065 1818 1129 1867 ore

277 1905 442 2004 insignem
460 1931 561 2004 quam
581 1924 689 1980 mater
707 1906 739 1980 in
758 1908 898 1981 filiarum
918 1906 1128 1982 educatione

276 2021 391 2120 posuit
416 2046 531 2095 curam
558 2021 714 2096 laudibus
744 2025 959 2096 extollerent.
993 2023 1126 2096 Etenim

276 2137 450 2235 Georgius
465 2137 675 2234 Bevilacqua
686 2138 718 2211 in
729 2138 847 2212 litteris
857 2138 914 2212 die
933 2141 984 2211 lll.
1002 2139 1128 2213 mensis

274 2251 399 2350 Aprilis
424 2277 454 2325 a.
481 2253 570 2347 1436
588 2253 632 2326 ad
650 2277 788 2326 sorores
806 2253 941 2350 scriptis
961 2254 1125 2327 Blancam

275 2392 352 2441 cum
372 2368 539 2441 Cornelia
556 2370 800 2442 Gracchorum
820 2384 927 2441 matre
941 2369 1126 2442 conseren-

275 2484 353 2559 dam
379 2510 457 2559 esse
483 2483 578 2558 ducit
608 2484 710 2583 eique
745 2483 835 2557 laudi
870 2483 994 2573 tribuit,
1030 2483 1127 2582 quod

275 2599 514 2675 disertissimos
549 2600 681 2674 filiabus
708 2617 944 2698 praeceptores
970 2600 1126 2697 elegerit,

275 2741 389 2815 neque
416 2716 524 2790 minus
548 2715 760 2790 auctoritatis
778 2717 884 2789 habet
900 2715 1048 2813 epistola
1071 2715 1128 2789 illa

274 2830 498 2921 dedicatoria,
529 2856 598 2930 qua
632 2831 854 2904 Omnibonus
888 2830 1124 2921 Leonicensis,

274 2945 553 3045 praeclarusillius
563 2946 728 3044 temporis
737 2947 921 3019 litterarum
931 2945 1124 3019 Latinarum

274 3065 548 3159 Graecarumque
571 3079 778 3160 praeceptor,
798 3061 864 3135 divi
884 3063 1124 3159 Chrysostomi

274 3177 319 3251 de
344 3177 466 3251 virtute
492 3196 527 3252 et
552 3178 638 3252 vitiis
663 3204 752 3275 opus
777 3203 798 3251 a
820 3203 858 3250 se
877 3177 909 3249 in
928 3203 1123 3251 sermonem

274 3293 430 3367 Latinum
444 3296 638 3368 translatum
653 3293 827 3367 sororibus
841 3293 974 3383 obtulit,
993 3319 1036 3366 ex
1055 3318 1125 3391 qua

272 3412 389 3484 elucet
414 3412 577 3483 Blancam
603 3434 706 3507 aeque
732 3434 774 3483 ac
798 3411 930 3507 glorem
955 3411 1123 3507 Angelam

272 3525 427 3601 etlilium
453 3528 577 3600 lsotam
601 3524 789 3623 theologiae
806 3550 875 3598 non
894 3524 1003 3599 minus
1020 3549 1123 3622 quam
