2850 4694
668 576 732 619 xvu

273 752 351 801 cum
366 728 567 826 prodierunt
579 727 783 826 scriptorum
794 729 1007 803 saecularium
1019 733 1126 804 multo

273 843 380 940 magis
398 845 499 917 etiam
519 869 620 940 quam
639 844 954 919 ecclesiasticorum
973 846 1125 919 lectione

272 958 412 1032 imbutae
438 976 545 1050 erant,
564 983 770 1056 quamquam
798 959 893 1056 quod
912 960 1002 1034 haud
1025 960 1125 1034 mire-

272 1074 318 1148 ris
345 1074 377 1147 in
404 1075 535 1148 filiabus
554 1075 667 1148 matris
685 1074 764 1148 vitae
790 1075 1016 1149 sanctimonia
1046 1076 1125 1149 insi·

269 1190 346 1287 gnis
363 1215 606 1287 sacrarumque
628 1190 812 1264 litterarum
831 1191 1071 1264 amantissimae
1088 1210 1124 1265 et

270 1306 304 1378 in
336 1306 471 1396 familia,
498 1331 578 1402 quae
607 1308 772 1404 Angelum
805 1308 1016 1404 Nogarolam
1044 1333 1123 1405 pro-

270 1421 410 1511 creavit,
421 1421 523 1495 etiam
540 1422 571 1494 in
586 1423 706 1495 horum
720 1422 924 1519 scriptorum
939 1422 1031 1496 libris
1044 1423 1123 1496 satis

269 1553 414 1611 versatae
428 1554 534 1609 erant.
555 1539 739 1637 Quaenum
749 1538 835 1610 alios
844 1563 986 1635 quoque
996 1554 1123 1635 praeter

272 1652 458 1724 Martinum
486 1668 723 1749 praeceptores
744 1653 935 1740 habuerint,
955 1653 1120 1726 incertum

269 1784 334 1855 est,
352 1792 560 1865 quamquam
587 1784 623 1841 et
649 1767 825 1865 Georgius
853 1768 1064 1867 Bevilacqua
1088 1794 1118 1842 a.

275 1884 365 1980 1436
382 1900 418 1956 et
429 1882 889 1957 LudovicusFuscarenusa.
908 1903 992 1984 1453
1008 1887 1121 1983 plures

267 1999 319 2073 eis
336 2016 573 2097 praeceptores
592 1999 695 2073 fuisse
712 1999 774 2073 sed
794 2000 891 2074 nimis
908 2000 1067 2098 ambigue
1085 2018 1121 2074 et

267 2116 474 2212 generaliter
495 2114 674 2212 loquendo
704 2116 861 2203 innuant3
893 2116 1118 2190 certissimum

269 2245 382 2303 tamen
392 2247 446 2304 est
464 2231 496 2304 in
515 2231 634 2305 litteris
651 2255 737 2328 quas
755 2231 839 2327 ipsae
851 2231 896 2304 ad
910 2232 996 2306 alios
1009 2232 1118 2306 dede-

267 2362 344 2418 runt
371 2347 555 2420 Martinum
581 2349 691 2420 solum
719 2363 971 2443 praeceptorem
994 2372 1119 2421 oecur-

267 2485 354 2551 rere,
364 2461 422 2558 qui
441 2462 541 2536 etiam
562 2479 630 2534 tum
650 2487 764 2535 earum
783 2462 945 2536 lateribus
961 2463 1117 2553 adhaesit,

266 2601 344 2650 cum
359 2579 557 2673 praeclaram
574 2578 637 2650 iam
653 2578 740 2650 inter
753 2576 880 2651 doctos
893 2577 984 2652 viros
994 2579 1116 2652 samam

266 2693 385 2767 litteris
402 2709 573 2767 assecutae
590 2710 677 2767 sunt.

318 2809 430 2883 Huius
465 2808 612 2906 magistri
648 2826 714 2882 tam
750 2807 846 2881 docti
881 2825 918 2881 et
947 2807 1117 2906 diligentis

266 2923 475 2999 institutione
493 2950 571 2999 cum
590 2925 684 2998 brevi
704 2941 861 3021 tempore
876 2923 994 2997 mirum
1009 2949 1116 3023 quan-

265 3055 334 3112 tum
361 3040 600 3137 profecissent,
627 3040 764 3113 tandem
792 3065 821 3112 a
857 3039 1115 3136 1434primum

265 3152 297 3227 in
331 3154 504 3251 publicum
540 3155 709 3253 prodiisse
736 3153 901 3228 videntur.
940 3157 991 3228 Eo
1024 3155 1114 3228 enim

266 3293 357 3344 anno
383 3270 581 3344 Hermolaus
609 3273 809 3344 Barbarus³¹
847 3271 878 3343 in
908 3273 1116 3346 Protonota-

264 3384 387 3459 riorum
405 3387 683 3484 Apostolicorum
707 3412 881 3460 numerum
909 3388 1034 3460 relatus
1051 3404 1114 3478 est,

264 3500 319 3574 cui
337 3503 427 3575 lsota
444 3502 589 3576 fortasse
606 3502 717 3577 statim
739 3519 773 3576 ut
790 3502 887 3575 huius
900 3501 950 3576 rei
964 3502 1114 3577 nuntium

316 3654 377 3697 laete
391 3654 501 3712 Nognoloe
515 3655 591 3712 Opera.
605 3656 621 3698 1.
992 3641 1008 3692 b
