2850 4694
680 895 802 968 XLVI.

400 1202 533 1265 (venetiis,
552 1202 596 1252 die
614 1203 656 1252 ΙΙΙ.
676 1205 769 1253 mensis
786 1205 940 1256 Decembris
956 1220 979 1255 ι.
999 1210 1080 1270 1439.)

312 1482 401 1553 isoio
419 1478 588 1577 Nogorola
601 1479 783 1553 doctissimo
796 1481 862 1554 viro
875 1483 1047 1556 Damr'ano
1061 1488 1168 1582 Burgo

661 1597 693 1668 S.
713 1600 761 1669 D.
782 1600 819 1669 P.

271 1934 279 1982 ς
315 1877 904 2231 fflumcrrsncmminibus
915 1908 1052 1982 Eusebii
1064 1910 1166 1982 ocelli

515 2020 560 2092 tui
587 2045 660 2093 sum
687 2020 873 2112 delectato,
896 2040 964 2096 tum
992 2025 1074 2120 quia
1098 2026 1166 2096 sin·

513 2136 631 2232 gulare
670 2136 840 2233 ingenium
880 2137 953 2211 eius
991 2140 1165 2236 perspexi,

312 2266 381 2323 tum
400 2250 482 2346 quia
498 2249 615 2345 quanti
633 2250 708 2348 ipse
726 2276 782 2325 me
800 2251 934 2326 faceres
946 2254 1112 2328 aestimavi
1131 2272 1165 2328 et

313 2382 476 2461 quantum
505 2390 559 2438 me
586 2390 718 2440 amares
745 2392 788 2441 ex
815 2392 861 2441 eo
883 2366 985 2441 facile
1002 2370 1162 2466 cognovi.

270 2509 300 2546 ιο
312 2480 392 2553 Tibi
418 2481 508 2555 enim
533 2481 659 2580 gratias
685 2506 764 2580 ago,
783 2483 841 2580 qui
860 2483 1032 2580 ingenium
1051 2510 1164 2558 meum

312 2611 347 2668 et
361 2595 517 2669 virtutem
537 2597 618 2669 tanti
639 2596 753 2670 iudicii
771 2597 931 2687 aestimas,
951 2615 987 2671 ut
1003 2598 1066 2672 sim
1085 2624 1164 2696 quae

312 2709 432 2808 dignas
459 2710 577 2785 laudes
601 2713 779 2809 generosis
806 2712 998 2809 primordiis
1034 2713 1090 2786 filii
1118 2715 1165 2787 tui

311 2824 461 2900 tribuere
479 2825 616 2923 possim.
646 2827 784 2900 Utinam
802 2826 906 2924 digna
922 2828 1089 2925 opinione
1108 2847 1166 2903 tua

312 2943 441 3014 esseml
460 2942 588 3015 Verum
608 2965 677 3015 non
694 2940 807 3016 dicam
826 2967 847 3016 a
861 2967 927 3033 me,
942 2967 1023 3040 quae
1037 2943 1165 3017 minimi

359 3232 366 3292 (
371 3229 392 3292 3)
400 3231 455 3279 viro
462 3230 612 3279 doctissimo
620 3234 648 3289 A,
661 3232 741 3282 docto
748 3233 803 3282 viro
812 3233 844 3281 R.
863 3234 898 3296 (4)
911 3234 960 3283 Sol.
972 3235 1029 3296 (om.
1041 3236 1075 3282 D.
1086 3235 1128 3296 Ρ.)
1137 3237 1165 3284 Λ.

312 3309 346 3372 (ς)
363 3310 454 3359 occelli
470 3311 523 3359 AR.
558 3311 590 3372 (ό.
608 3315 632 3373 7)
649 3312 802 3374 singulnrem
818 3312 850 3360 R.
885 3313 919 3376 (7)
932 3313 1061 3376 ingenium
1078 3328 1126 3363 om.
1137 3317 1166 3364 A.

311 3389 398 3450 aspexi
416 3389 447 3437 R.
482 3391 516 3452 (8)
541 3391 679 3439 existimavi
698 3392 751 3439 AR.
787 3392 821 3453 (9)
838 3406 869 3441 ex
886 3405 940 3453 quo
959 3391 974 3440 i.
994 3394 1026 3441 R.
1062 3393 1113 3455 (ιι)
1132 3395 1168 3442 iu-

311 3468 365 3517 ditii
382 3470 413 3517 R.
448 3470 550 3518 estimes
566 3473 593 3529 Α,
613 3472 739 3520 existimes
760 3472 790 3519 R.
825 3475 875 3535 (ιι)
892 3473 976 3535 prim}
995 3473 1115 3522 nudibus
1134 3476 1166 3524 R.

311 3549 360 3608 (η)
377 3555 419 3596 iun
431 3563 474 3609 op.
492 3549 567 3612 digna
584 3551 615 3598 R.
