2926 5168
598 595 629 638 Vl

192 748 320 838 habuit,
334 748 426 823 libris
440 748 485 822 de
502 749 712 847 Apostolicis
731 748 991 823 Traditionibus
1008 767 1045 824 et

192 863 238 937 de
257 863 328 937 Nili
346 864 558 938 incremento
575 864 721 962 scriptis,
741 882 810 938 tum
833 890 954 962 opere,
973 891 1045 963 quo

194 979 306 1053 multis
335 980 522 1054 rationibus
539 982 745 1077 comprobat
775 981 932 1054 Henrico
957 983 1043 1054 Vlll.

196 1094 431 1168 Britannorum
451 1095 523 1192 regi
542 1094 664 1169 divinis
673 1096 806 1193 legibus
819 1122 897 1170 cum
913 1099 1046 1170 Cathe-

194 1210 267 1283 rina
285 1236 392 1284 uxore
410 1211 529 1284 Caroli
549 1211 671 1312 Quinti
691 1229 873 1285 matertera
895 1210 1045 1286 faciendi

195 1324 330 1399 divortii
363 1325 413 1399 ius
443 1351 582 1423 prorsus
600 1351 677 1400 esse
695 1329 875 1412 sublatum,
893 1328 1045 1401 omniurn

195 1442 318 1514 oculos
341 1440 374 1512 in
397 1465 436 1514 se
457 1441 628 1515 convertit
642 1466 707 1514 nec
726 1442 891 1515 minorem
910 1442 1047 1516 laudem

196 1574 407 1629 consecutus
433 1573 486 1629 est
511 1581 568 1645 e0,
595 1555 691 1652 quod
717 1558 879 1630 loannem
916 1560 1048 1631 Dama-

196 1696 350 1761 scenum,
378 1672 609 1760 Plutarchum,
634 1673 797 1744 Ocellum
825 1673 1001 1745 Lucanum
1028 1698 1049 1747 e

199 1788 333 1859 Graeco
349 1810 509 1859 sermone
536 1786 568 1859 in
592 1786 748 1859 Latinum
767 1787 943 1860 transtulit.
973 1791 1050 1862 De-

199 1901 303 1998 nique
329 1901 535 1974 Froncitcum
562 1904 785 2000 Nogarolam,
804 1902 902 1976 cuius
923 1928 1050 1977 nomen

200 2017 285 2090 infra
326 2016 453 2113 saepius
495 2016 595 2090 nobis
636 2034 808 2107 occurret,
845 2018 1051 2092 Franciscus

200 2131 389 2206 Sansovino
414 2131 464 2203 vir
489 2130 643 2204 eiusdem
672 2133 836 2230 temporis
853 2159 922 2206 non
939 2136 1050 2208 solum

200 2246 430 2346 philosophiae
448 2264 484 2320 et
501 2247 685 2319 litterarum
704 2246 917 2346 antiquarum
931 2247 1052 2323 studiis

200 2361 262 2436 sed
288 2362 390 2435 etiam
419 2362 559 2459 poetica
585 2362 746 2435 facultate
773 2362 917 2435 valuisse
934 2363 1049 2437 refert

251 2480 366 2551 Recte
400 2494 513 2551 tamen
542 2476 698 2550 Valerius
729 2479 916 2566 Palermus‚
947 2503 1051 2576 quem

202 2592 406 2666 Franciscus
449 2592 639 2666 Sansovino
681 2609 820 2665 secutus
862 2610 925 2682 est,
970 2592 1052 2667 illud

202 2708 348 2783 maxime
367 2709 400 2780 in
419 2710 484 2781 hac
505 2710 682 2805 Nagarola
700 2708 826 2781 familia
844 2708 954 2781 mirari
972 2709 1053 2782 soli·

202 2841 255 2898 tus
280 2841 344 2913 est,
372 2849 439 2897 non
471 2840 522 2896 tot
547 2823 646 2896 aliam
674 2823 817 2897 fortasse
847 2822 988 2896 domum
1020 2824 1053 2897 in

202 2940 320 3037 quavis
340 2941 423 3013 urbe
441 2942 627 3037 praeclaros
644 2939 734 3013 viros
752 2965 898 3038 unquam
917 2940 1053 3030 aluisse,

201 3073 290 3154 quot
306 3055 402 3129 istam
424 3055 626 3129 lectissimas
648 3056 790 3129 feminas
812 3055 904 3129 omni
923 3056 1053 3131 liberali

202 3171 384 3269 disciplina
401 3171 581 3245 instructas
599 3170 749 3245 edidisse
767 3188 912 3246 constat.

251 3289 319 3360 lam
347 3311 418 3384 quo
445 3303 602 3384 tempore
620 3286 679 3358 viri
698 3311 741 3358 ex
761 3288 826 3359 hac
845 3286 971 3360 familia
987 3287 1053 3360 otti

204 3428 272 3476 non
296 3401 357 3475 nisi
383 3401 484 3475 armis
500 3399 662 3498 gerendis
684 3417 719 3473 et
742 3426 779 3473 re
793 3400 1055 3498 publicaadmi-

204 3516 375 3592 nistranda
401 3516 536 3590 laudem
564 3533 769 3606 meruerunt,
793 3516 908 3613 primis
933 3517 1052 3590 saeculi
