2850 4694
671 615 705 685 9l

265 781 475 854 Ciceronem
510 783 563 854 vel
599 779 812 853 lactantium
838 782 892 851 vel
928 781 1111 852 Maronem

265 896 407 994 inquire.
443 897 477 971 Si
508 922 552 970 ex
583 895 699 969 medio
733 894 882 968 caritatis
911 893 983 968 sinu
1015 892 1112 990 cupis

264 1013 440 1110 epistolas,
475 1011 610 1110 pietatis
644 1036 687 1084 ac
721 1009 962 1084 benivolentiae
996 1026 1113 1098 testes,

266 1147 387 1202 contra
415 1146 506 1202 stare
531 1128 681 1217 audebo,
709 1126 773 1200 tuis
798 1126 885 1199 votis
912 1150 980 1198 non
1007 1123 1113 1197 modo

266 1243 490 1342 respondere,
525 1244 587 1317 sed
626 1244 727 1317 etiam
766 1267 808 1315 ea
845 1265 1007 1339 superare
1045 1266 1114 1313 non
1147 1267 1156 1318 t

267 1360 408 1434 timebo,
432 1362 523 1432 llaec
541 1384 619 1432 cum
647 1375 760 1431 tecum
787 1355 984 1454 perlegeris,
1003 1355 1115 1430 irriso·

267 1476 332 1548 rias
350 1476 482 1550 lacesse
505 1475 634 1572 linguas
664 1490 700 1546 et
722 1476 838 1546 harum
865 1471 1033 1569 quidquid
1050 1471 1116 1545 sint

268 1589 465 1664 testimonio
503 1589 705 1687 comprime,
748 1589 900 1677 consuta,
936 1588 1116 1677 insectare,

268 1706 412 1804 profliga
438 1707 543 1779 etde
569 1705 736 1802 superatis
760 1705 842 1778 siste
868 1706 1015 1801 trophea
1034 1729 1117 1801 spo·
1167 1711 1169 1714 ’

267 1822 418 1918 liumque
452 1805 613 1918 reporta;
651 1839 756 1917 utque
791 1844 862 1916 prae
897 1820 1021 1893 invidia
1055 1818 1116 1892 illis
1133 1842 1162 1878 ¹0

268 1953 465 2033 rumpantur
482 1936 548 2026 ilia,
568 1954 602 2009 te
621 1935 700 2008 mihi
718 1953 754 2009 et
770 1936 880 2009 silenti
899 1953 934 2008 et
955 1935 1116 2009 scribenti

268 2077 393 2142 caram,
412 2052 586 2135 dilectam,
601 2054 725 2124 cultam
743 2076 821 2125 esse
838 2051 1018 2141 convince,
1033 2075 1117 2124 con-

269 2168 385 2257 tende,
415 2169 617 2259 vocilerare,
647 2167 743 2264 quod
775 2186 831 2241 tua
860 2168 973 2258 virtus,
1005 2191 1117 2240 mores

269 2283 397 2381 pudici,
416 2284 601 2357 litterarum
627 2308 723 2355 amor
744 2283 1004 2379 studiorumque
1022 2307 1119 2354 com-

271 2399 416 2472 munitas
434 2400 516 2472 lacit
532 2400 791 2495 animorumque
809 2397 1002 2472 similitudo.
1033 2398 1119 2470 Vale
1135 2420 1160 2472 ¹5

273 2530 309 2587 et
327 2514 492 2611 insignem
506 2539 660 2588 sororem
670 2513 904 2610 virginemque
915 2536 1119 2609 generosam

319 2778 353 2840 (1)
370 2781 481 2827 velante
499 2780 568 2828 Lact.
586 2782 677 2829 omR.
711 2780 837 2828 latentium
849 2781 880 2828 R.
915 2780 948 2842 (a)
961 2794 992 2828 ex
1001 2793 1073 2828 mero
1085 2779 1118 2828 G.

272 2856 306 2920 (⁴)
331 2866 419 2906 contra
443 2868 474 2907 st.
497 2859 568 2921 aud,¹
595 2861 639 2908 tibi
663 2875 712 2909 non
736 2874 849 2908 annuere
872 2862 903 2908 R.
938 2862 1003 2909 votis
1019 2861 1069 2909 iuis
1086 2860 1119 2913 G.

273 2936 307 2999 (ς)
332 2947 371 2985 set
400 2940 427 2986 V.
488 2938 535 2987 sed
560 2940 645 2999 etiam]
670 2941 754 2989 siclam
783 2939 846 2988 GM.
907 2941 981 2988 etiam
1007 2939 1120 2989 audebo·

274 3019 402 3080 Superare
416 3033 483 3067 ean.
498 3029 514 3066 t.
529 3021 560 3068 R.
595 3019 890 3082 (olNecCV‚ltocG.
925 3021 1073 3081 cumienim
1089 3023 1121 3070 R.

274 3098 308 3159 (7)
327 3101 427 3147 lacesce
445 3101 478 3148 G.
513 3114 665 3162 quamquam
683 3102 712 3159 C,
738 3100 873 3161 quicquam
891 3100 928 3159 Μ,
951 3101 1073 3162 quicquid
1094 3104 1121 3150 V.

275 3189 330 3228 sunt
349 3180 409 3235 CM,
422 3181 469 3229 sibi
488 3182 521 3229 G.
556 3183 588 3239 (7.
607 3180 631 3241 B)
646 3190 703 3228 test.
723 3181 769 3227 sint
787 3183 818 3229 R.
853 3181 982 3242 (chonpr.
999 3184 1031 3230 R.
1065 3196 1125 3231 con·

275 3261 359 3308 stituta
384 3263 416 3320 R,
449 3262 568 3310 consucta
597 3262 623 3309 V.
658 3262 691 3324 (9)
709 3261 782 3321 peril.
799 3262 837 3309 Μ.
878 3273 909 3309 ac
926 3262 957 3309 R.
991 3262 1040 3323 lige
1058 3263 1122 3312 GM.

275 3340 325 3401 (iol
344 3342 433 3401 utque]
456 3350 481 3389 et
499 3340 570 3402 quod
588 3341 617 3389 C.
652 3339 887 3402 (ulrumpaturR.
922 3341 970 3388 illia
982 3342 1011 3399 C,
1025 3343 1122 3404 yliaM.

276 3421 373 3469 scilenti
383 3422 437 3481 CR,
457 3422 562 3469 silencio
576 3422 602 3468 V.
628 3422 814 3484 (insecutam
825 3421 854 3469 C.
889 3423 936 3483 (12.
951 3404 1125 3482 rrlcontendc

275 3514 321 3548 om.
336 3502 368 3549 G.
388 3503 435 3564 (¹4·
450 3502 487 3563 ις)
499 3502 604 3550 comitas
617 3503 642 3549 V.
662 3502 711 3563 (ις)
719 3501 858 3549 animorum
866 3510 944 3562 atque
956 3503 982 3550 V.
1017 3502 1066 3563 (πό)
1078 3502 1125 3550 vir·

275 3582 359 3644 ginern
374 3595 432 3644 gen.
453 3583 480 3630 V.
