2850 4694
719 578 772 643 raa

317 750 434 827 tardus
451 751 602 851 ingenio,
619 750 678 850 qui
696 776 741 826 ex
759 753 828 826 boc
845 776 915 826 non
936 750 1089 826 coniciat
1106 730 1174 825 iro

317 866 483 942 bilitatem
508 891 552 942 ac
579 866 846 968 magnitudinem
873 867 974 942 animi
992 865 1053 957 tui,
1071 867 1172 966 quod

316 1007 455 1058 omnem
472 982 677 1082 vigilantiam
696 1000 787 1057 tuam
804 983 838 1058 ei
855 982 1008 1058 facultati
1025 981 1173 1057 dedica-

316 1099 373 1192 ris,
389 1123 460 1198 qua
476 1098 631 1174 videmus
644 1117 791 1174 cunctos
804 1099 863 1196 qui
878 1099 910 1172 in
926 1099 981 1172 illa
992 1101 1171 1173 excellue-

289 1242 300 1295 ι
315 1214 381 1288 rint
393 1231 595 1314 perpetuam
613 1213 677 1289 sibi
700 1213 879 1312 peperisse
896 1213 1057 1289 laudem?
1076 1215 1169 1288 Nam

315 1331 534 1428 explanatum
569 1330 745 1419 habemus,
785 1346 916 1427 quanto
958 1329 991 1402 in
1033 1330 1170 1404 honore

314 1443 408 1544 apud
446 1444 593 1520 maiores
628 1460 764 1519 nostros
794 1447 872 1520 haec
901 1443 1014 1520 studia
1043 1443 1169 1518 luerint

313 1584 489 1660 quamque
505 1559 706 1635 difficillime
720 1561 790 1634 hoc
808 1560 917 1658 ipsum
940 1558 1168 1634 benedicere

314 1702 384 1752 non
402 1676 435 1750 in
452 1675 659 1767 mulieribus,
677 1675 740 1751 sed
759 1675 791 1749 in
809 1676 887 1751 viris
904 1675 1007 1750 etiam
1024 1675 1167 1750 inveniri

271 1818 302 1857 ιο
313 1814 451 1890 semper
475 1791 519 1866 sit
543 1790 691 1866 solitum.
714 1790 1054 1889 Comprehendimus
1072 1814 1167 1866 nam·

313 1931 394 2004 que,
424 1931 503 1981 cum
533 1923 725 1982 ceterarum
751 1905 872 1981 artium
898 1905 1011 1982 studia
1028 1923 1168 1981 teneant

313 2039 444 2097 certum
456 2020 539 2120 quid
548 2045 592 2096 ac
604 2020 783 2096 diffinitum
793 2039 899 2120 atque
914 2021 947 2095 in
962 2021 1014 2096 his
1027 2023 1082 2096 uel
1095 2046 1167 2096 ma-

314 2138 405 2212 xime
422 2138 681 2236 comprobetur,
698 2136 795 2234 quod
811 2138 917 2237 longe
934 2137 977 2211 sit
993 2139 1038 2212 ab
1057 2137 1167 2235 impe

314 2254 455 2329 ritorum
464 2253 630 2353 opinione
639 2279 812 2352 sensuque
821 2253 1040 2344 disiunctum,
1051 2253 1168 2328 omnia

272 2394 298 2450 ιι
313 2394 391 2444 esse
417 2370 450 2443 in
477 2368 631 2444 dicendo
652 2368 725 2444 lere
743 2367 858 2444 media
874 2385 910 2444 et
926 2368 971 2442 ad
990 2370 1166 2466 vulgarem

314 2487 734 2584 popularemquesensum
744 2484 1010 2559 accommodata
1024 2487 1167 2560 nullam-

313 2626 383 2700 que
409 2601 539 2676 ltabere
564 2601 740 2698 regionem
767 2601 953 2700 propriam,
980 2601 1079 2675 cuius
1097 2617 1167 2675 ter-

359 2837 393 2902 (ι)
402 2838 579 2890 conticium
605 2838 640 2902 ll)
651 2837 756 2890 facultas
764 2839 801 2888 Μ.
827 2837 860 2901 (4.
877 2840 899 2902 ς)
908 2840 1085 2889 excelluerunt
1097 2838 1165 2891 GM.

313 2919 347 2984 (6)
363 2921 541 2984 exploratum?
573 2919 608 2982 (7)
623 2926 685 2982 aput
702 2919 767 2969 GM.
800 2917 869 2983 (7.8)
885 2918 979 2969 luerint
994 2932 1053 2970 cum
1071 2918 1125 2969 dtr.
1139 2921 1165 2969 lu.

313 2999 396 3062 ipsum
410 2998 466 3048 fere
481 2997 585 3048 dicandi
600 3011 692 3048 munus
707 3011 758 3048 oon
775 2997 800 3048 in
821 2999 850 3047 E
884 2998 919 3062 (8)
936 3011 1089 3060 quamquam
1100 2998 1165 3051 CM.

313 3078 465 3130 difficilem
484 3077 745 3130 autuonsomo
779 3077 814 3141 (9)
830 3087 871 3128 set
890 3079 918 3127 V.
951 3077 1000 3128 sed
1016 3087 1043 3128 et
1059 3079 1083 3127 ln
1097 3093 1121 3128 v.
1141 3080 1167 3130 ln

313 3173 336 3208 ν.
352 3161 381 3209 Ε
415 3160 465 3223 (ιο)
491 3159 593 3210 solitum
616 3160 648 3209 sit
673 3159 738 3209 GM.
773 3159 823 3222 (ιι)
839 3167 897 3209 emt·
921 3158 1005 3209 studia
1020 3159 1111 3209 artium
1133 3161 1165 3210 Ε

312 3247 414 3290 teocam
434 3240 461 3290 V.
495 3239 544 3303 (ιι)
566 3239 643 3290 della.
661 3240 690 3288 Ε
731 3238 780 3302 (ιι.
804 3241 842 3302 ις)
866 3240 913 3289 biis
940 3241 981 3290 vel
998 3252 1096 3303 compr.
1114 3254 1167 3291 ma-

312 3319 379 3369 xime
403 3320 436 3370 G.
470 3319 520 3382 (ιι)
536 3319 663 3383 probetur
679 3319 717 3380 Μ,
750 3331 849 3382 cumpr.
871 3320 900 3368 V.
933 3319 1168 3384 (13.14)impera-

313 3404 397 3448 torum
414 3398 475 3459 CM,
501 3399 656 3463 imperatore
673 3399 706 3449 G.
747 3397 796 3462 (ις)
813 3398 870 3449 lore
888 3398 951 3449 GM.
985 3399 1074 3461 pervia
1090 3407 1117 3448 et
1133 3402 1164 3451 Ε.

312 3477 363 3543 (ιδ)
385 3479 553 3528 accomodata
577 3479 686 3538 CEGM,
710 3479 902 3529 accomodatam
923 3479 949 3527 V.
990 3478 1037 3541 (ro.
1056 3481 1094 3543 ιγ)
1110 3483 1167 3531 oul-

312 3559 393 3606 lamro
411 3556 498 3608 OGM.
