2850 4694
676 945 795 1015 XLlll.

387 1287 518 1347 (Verona,
533 1288 576 1337 die
593 1289 665 1337 ΧΧΙ.
683 1289 777 1338 mensis
794 1289 949 1338 Novembris
965 1302 988 1336 a.
1012 1291 1093 1347 1439.)

311 1600 497 1674 Damianos
510 1604 632 1696 Burgus
645 1598 819 1673 clarissime
831 1599 941 1696 virgini
953 1603 1039 1674 isole
1048 1605 1164 1699 Noga·

542 1713 608 1787 mle
627 1740 664 1787 se
678 1714 724 1812 pl.
743 1713 921 1788 comendal.

352 2067 376 2087 8

451 2066 479 2104 ἱ

325 2181 339 2232 t
393 2237 405 2261 Ι
443 2200 481 2250 2»
516 2184 617 2273 facio,
632 2184 946 2281 dignareturomnis
960 2188 1095 2262 cunctis
1110 2214 1163 2261 me

320 2337 358 2374 ,ι
391 2286 392 2291 ’
431 2265 482 2391 5‘
514 2299 734 2373 veneratione
746 2301 908 2397 preferre.
929 2303 1005 2398 Ego
1016 2328 1164 2401 namque

312 2439 542 2514 quoscunque
577 2415 679 2489 flores
710 2432 839 2490 tuarum
867 2415 1003 2489 laudum
1023 2443 1162 2514 possum

313 2531 535 2605 meditatione
562 2530 738 2628 colligere,
757 2531 816 2604 tibi
836 2532 1026 2629 manipulos
1053 2548 1089 2606 et
1117 2535 1164 2606 l·

271 2683 301 2720 to
312 2672 390 2722 sees
408 2647 509 2721 sacio.
538 2644 607 2720 Sed
625 2647 719 2743 angit
736 2672 791 2720 me
809 2647 904 2744 quod
923 2648 1088 2722 vitatione
1107 2667 1165 2723 tue

312 2763 505 2862 arrogantie
544 2762 666 2836 nostris
701 2762 856 2837 laudibus
892 2789 960 2837 non
995 2765 1164 2861 glorieris,

312 2879 394 2978 quin
418 2879 487 2952 imo
505 2894 621 2952 nostra
638 2878 833 2953 adulatione
852 2879 1017 2953 ludificari
1036 2879 1165 2970 credis,

313 3012 380 3070 tam
403 3019 508 3092 parva
524 2993 617 3091 apud
636 3010 670 3067 te
688 2996 839 3068 valemus
857 2994 1074 3069 auctoritate.
1094 2995 1165 3070 Sed

312 3111 474 3209 prolecto
493 3135 560 3183 non
579 3109 734 3183 mentior.
755 3109 866 3211 Quod
883 3111 910 3185 si
933 3111 1014 3183 licta
1030 3113 1165 3207 loquar,

271 3262 296 3312 ις
313 3252 495 3325 numquam
523 3252 638 3300 verum
665 3243 767 3300 exeat
791 3252 863 3300 ore.
894 3227 985 3328 Quis
1002 3227 1093 3301 enim
1112 3246 1167 3302 est

314 3344 370 3441 qui
415 3360 505 3416 tuam
552 3343 789 3417 auctoritatem
832 3342 957 3416 audeat
991 3341 1167 3433 deridere,

313 3458 409 3531 cuius
436 3459 525 3532 lama
551 3476 678 3532 tantum
704 3458 900 3555 percrebuit
918 3476 1048 3532 tuarum
1067 3458 1168 3533 dillu-

312 3572 411 3646 sione
436 3573 606 3663 virtutum,
637 3590 673 3646 ut
703 3599 770 3646 non
805 3573 915 3647 minus
941 3589 1033 3647 tuum
1054 3580 1168 3671 'quam

361 2093 500 2365 ᾖ
527 2095 633 2144 rium
659 2094 714 2143 me
741 2070 874 2144 laceres
900 2072 1016 2167 quanti
1040 2097 1111 2170 ego
1130 2090 1163 2145 te
