2850 4694
727 563 767 636 06

315 760 386 810 rem
406 760 518 808 meum
542 734 671 821 litteris,
690 735 814 832 quibus
841 732 1030 808 incredibili
1052 733 1169 830 utique

314 850 428 926 allecti
446 875 561 925 sumus
587 849 824 938 admiratione,
851 850 932 924 dum
959 875 1075 924 earum
1092 875 1169 947 gra·

313 966 463 1056 vitatem,
482 967 664 1039 verborum
682 982 896 1039 venustatem
914 982 1169 1063 perscrutamur

314 1082 411 1157 simul
438 1100 475 1154 et
490 1080 705 1170 admiramur,
733 1105 811 1154 cum
829 1106 892 1155 vos
909 1081 942 1153 in
961 1082 1074 1154 lucem
1092 1079 1168 1152 viri·

288 1199 364 1279 rles
381 1196 527 1295 virgines
557 1196 690 1270 venisse
720 1195 886 1284 videmus,
916 1195 1050 1269 scilicet
1082 1194 1168 1268 inter

315 1338 378 1387 nos
396 1311 571 1409 imperitos
588 1310 831 1385 adolescentes
845 1336 907 1383 vos
925 1309 1074 1384 animum
1091 1309 1168 1382 viri·

313 1431 380 1502 lem
414 1444 588 1525 gestantes
623 1426 824 1515 ellloruisse,
860 1425 983 1522 quibus
1017 1425 1051 1498 id
1086 1450 1166 1499 vere

314 1542 498 1616 Ciceronis
516 1541 618 1615 indici
638 1559 773 1639 posset:

353 1675 414 1735 Vos
427 1674 536 1734 etenim
552 1675 671 1735 iuvenes
685 1673 813 1734 animum
826 1673 926 1754 geritis
940 1672 1112 1734 muliebrem

272 1802 301 1840 ro
355 1771 465 1851 lllaque
478 1770 558 1850 virgo
572 1770 632 1831 viri.

364 1893 457 1990 Quae
476 1914 553 1961 cum
573 1888 618 1962 ita
644 1888 719 1977 sint,
738 1888 765 1961 si
783 1888 866 1986 quid
884 1888 928 1962 ad
947 1905 1074 1962 tantam
1101 1888 1167 1961 vir-

314 2023 419 2078 tutem
451 2022 486 2077 et
516 2003 686 2101 ingenium
719 2029 796 2077 mea
830 2004 982 2077 iuvenilis
1012 2003 1166 2078 excitare

314 2138 430 2217 potest
447 2119 652 2207 exhortatio,
667 2119 729 2191 etsi
749 2144 866 2216 parum
885 2144 973 2216 opus
990 2144 1067 2192 esse
1086 2121 1166 2191 hor-

314 2235 442 2310 tatione
461 2234 656 2332 intelligam‚
675 2252 788 2308 tamen
806 2252 953 2308 vestrum
973 2235 1037 2307 erit
1050 2235 1166 2307 omnia

272 2379 297 2428 ις
314 2377 378 2448 pro
407 2351 532 2424 viribus
562 2349 654 2440 eniti,
683 2367 718 2423 ut
748 2350 844 2424 huius
873 2367 1004 2423 sanctae
1035 2350 1165 2424 virtutis

313 2466 454 2563 vestigia
472 2465 657 2554 imitemini,
683 2490 785 2562 quam
810 2464 959 2562 plurimis
984 2465 1163 2538 sublimem

312 2581 357 2655 ad
374 2581 488 2656 sidera
504 2580 660 2654 laudibus
686 2583 809 2654 elatam
836 2580 1070 2678 perspicimus.
1099 2583 1164 2653 lm-

313 2695 428 2794 primis
457 2695 583 2768 etenim
614 2698 741 2768 clarum
774 2695 1009 2770 huiuscemodi
1040 2696 1165 2793 praeci·

313 2811 463 2910 pientem
497 2809 650 2885 videmus
685 2813 882 2901 Isocratem,
912 2835 991 2885 cum
1021 2810 1067 2884 de
1097 2811 1164 2884 hac

357 3057 392 3122 (ι)
409 3072 492 3107 meum
508 3072 554 3106 om.
573 3058 603 3107 C.
638 3058 671 3120 (ι)
689 3059 773 3107 etlecti
795 3060 822 3106 V.
865 3058 898 3121 (ς)
916 3058 988 3107 verb.
1003 3059 1171 3120 honestatem

309 3152 342 3188 ac
365 3147 523 3188 venustatem
548 3151 645 3200 perscr.
670 3138 699 3187 C.
745 3138 779 3200 (tl
802 3139 919 3187 evenisse
945 3138 974 3187 C.
1016 3138 1098 3186 silicet
1132 3139 1160 3186 V.

312 3218 423 3282 (dledol.
434 3218 533 3279 impe
558 3218 590 3279 (6.
602 3219 624 3281 7)
637 3218 708 3266 virile
721 3220 747 3265 V.
782 3218 816 3281 (Β)
834 3218 917 3267 induci
935 3218 989 3267 CV.
1024 3217 1073 3280 (ιο)
1089 3218 1163 3280 virgo

311 3298 384 3362 virgo
406 3298 452 3346 viri
476 3297 505 3347 C.
540 3297 689 3362 (ralexort.
709 3297 739 3346 C.
774 3299 842 3358 esse]
860 3306 899 3346 est
920 3298 947 3345 V.
982 3296 1031 3360 (ις)
1050 3311 1098 3358 pro
1115 3297 1162 3344 vir-

310 3378 408 3426 tutibus
428 3378 455 3425 V.
491 3378 561 3426 emitti
578 3377 608 3427 C.
643 3375 692 3439 (m)
710 3377 847 3426 imittemini
864 3376 894 3426 C.
940 3376 989 3439 (17)
1014 3376 1108 3440 sydera
1130 3378 1161 3426 C.

313 3455 534 3520 (17.18)inpr.V.
569 3456 732 3519 (rulenimc
767 3455 1016 3518 (18.1o)percip.V.
1051 3456 1161 3519 (rolvid.

312 3544 338 3586 et
353 3537 546 3586 socratemicum
564 3536 597 3585 de
615 3536 645 3584 C.
678 3535 722 3598 de]
745 3536 768 3583 in
788 3537 814 3584 V.
