2926 5168
706 554 758 604 cvl

308 709 378 774 1044)
395 725 420 774 p.
442 723 541 772 34-39,
560 711 604 760 ubi
620 710 692 772 quod
710 724 736 774 p.
754 722 782 771 37
798 710 833 760 de
851 711 947 760 lacobo
958 709 1072 772 quodam
1082 710 1161 761 Titie-

308 804 365 840 noo
381 791 478 841 dictum
495 791 588 855 legitur
604 790 740 854 (tiacobus
757 791 775 839 Ι.
787 790 817 839 C.
829 791 939 854 Principi
953 793 1061 839 Veneto
1072 792 1161 853 patriar

307 872 408 920 nomine
434 872 523 920 urbem
550 871 691 920 vicentium
715 870 844 934 tradidits)
868 885 926 920 num
949 871 981 921 ad
1008 871 1162 920 Elisabethae

307 952 446 1015 Nogarole
471 951 586 999 maritum
603 957 714 1011 spectet,
729 951 827 1013 ignoro.
844 951 924 999 Aliam
941 950 1058 999 eiusdem
1075 950 1162 1000 Omni·

307 1033 366 1081 boni
392 1032 534 1081 orationem
558 1029 677 1079 ineditam
701 1030 836 1080 incudem
852 1030 952 1079 Codice
969 1029 1162 1080 vindobonensi

306 1111 355 1174 legi
373 1112 426 1175 (tol.
446 1111 612 1174 apin-amn)
624 1123 630 1159 :
648 1110 801 1159 «Clarissimi
812 1119 891 1171 atque
903 1111 1103 1172 eloquentissimi
1115 1110 1162 1158 viri

306 1190 445 1240 Omniboni
463 1190 631 1240 Leonicensis
647 1190 731 1238 oratio
747 1189 778 1239 ad
797 1191 919 1239 illustrem
936 1191 1077 1254 principem
1091 1191 1160 1239 Man·

306 1278 409 1320 tuanum
431 1271 541 1333 eiusque
562 1273 686 1333 populum
711 1270 797 1319 habita
813 1270 848 1319 de
865 1270 984 1319 laudibus
999 1270 1082 1319 Sancti
1101 1271 1161 1318 Ber-

306 1351 385 1409 nardi,
404 1365 458 1413 quo
475 1360 595 1412 tempore
613 1351 669 1399 eius
685 1351 819 1400 coronatio
836 1351 948 1411 publice
962 1349 1015 1414 (εἰς)
1032 1350 1161 1399 declarata

307 1437 355 1478 est.
370 1446 412 1475 r-
427 1431 452 1477 ln
464 1430 551 1479 tabula
562 1430 728 1493 genealogica
739 1429 808 1492 npud
820 1431 995 1479 Turresanum
1007 1429 1160 1489 Elisabetha,

307 1509 342 1558 de
365 1510 439 1561 cuius
461 1510 551 1558 marito
580 1510 638 1558 nihil
656 1510 690 1558 ibi
708 1510 808 1573 legitur,
825 1510 927 1558 Antonii
946 1510 1085 1572 Nogarolae
1101 1509 1159 1568 lilia,

306 1592 412 1653 Angelus
426 1596 452 1638 et
470 1589 598 1638 Leonnrdi
616 1592 755 1653 Nogarolae
767 1603 843 1639 soror
854 1590 957 1650 dicitur;
969 1591 1092 1639 vicentiae
1103 1604 1159 1639 eam

305 1670 379 1718 vitam
396 1669 500 1732 degisse
517 1683 549 1718 ex
565 1669 704 1719 Omniboni
721 1670 837 1719 oratione
854 1680 970 1732 apparet.

360 1755 384 1794 ³0
400 1750 485 1799 Huius
509 1751 554 1799 viri
580 1764 671 1799 nomen
697 1764 729 1799 ex
752 1751 918 1812 inscriptione
933 1751 1080 1808 litterarum,
1096 1748 1161 1812 quas

306 1830 435 1880 Guarinus
461 1831 494 1878 illi
509 1844 532 1878 a.
552 1842 612 1889 1440
624 1831 759 1892 scripsisse
774 1830 877 1879 videtur
893 1831 1019 1892 quodque
1035 1832 1058 1878 in
1076 1831 1159 1880 indice

306 1912 472 1973 epistolarum
480 1910 585 1960 Guarini
597 1925 612 1959 a
622 1911 741 1973 Remigio
752 1910 889 1960 Sabbadini
901 1910 1022 1961 conlecto
1034 1910 1159 1973 (Guarino

307 1992 442 2040 veronese
469 2004 485 2038 e
514 1991 528 2038 il
556 2004 605 2039 suo
632 1991 782 2052 epistolario
806 1991 878 2040 edito
897 2005 913 2039 e
930 1991 1036 2050 inedito,
1054 1992 1160 2040 Salerno

310 2071 379 2134 1885)
394 2084 420 2134 p.
441 2082 467 2130 13
487 2071 577 2118 Llllll.
597 2071 656 2119 loco
673 2080 826 2118 recensetur
837 2069 976 2132 (Guarinus
987 2084 1035 2120 suo
1048 2072 1159 2121 Martino

307 2150 417 2198 Rixonio
434 2149 459 2198 S.
478 2163 503 2210 p.
522 2149 559 2211 d.)
574 2156 626 2197 turn
643 2163 674 2197 ex
693 2150 739 2198 hac
753 2150 852 2199 codicis
862 2149 995 2200 cuiusdam
1007 2150 1158 2199 Suibantiani

306 2229 496 2291 subscriptione
520 2229 543 2276 in
568 2229 690 2278 Archivio
716 2231 817 2278 Veneto
835 2231 920 2288 vll,r.
939 2232 980 2278 161
1000 2230 1075 2278 citata
1092 2230 1161 2278 novi-

307 2322 379 2358 mus:
406 2309 456 2356 tax
480 2308 687 2358 emendatissimo
713 2309 818 2359 Guarini
840 2309 997 2358 Veronensis
1019 2310 1158 2372 exemplari

307 2389 413 2451 {lustinil
439 2389 606 2450 transcriptus
627 2389 660 2437 ab
682 2390 785 2439 Alessio
812 2389 967 2439 Germanico
983 2403 1049 2437 anno
1063 2388 1159 2438 domini

308 2468 546 2518 Mccccxxxlll
559 2481 566 2516 ε
581 2476 640 2530 post
651 2477 736 2518 autem
748 2469 780 2519 ed
793 2469 861 2518 idem
873 2471 1004 2531 exemplar
1015 2468 1159 2518 emendavit

308 2551 432 2599 Martinus
454 2550 567 2599 Rizonus
591 2550 687 2598 Veron.
707 2549 787 2612 ipsius
804 2550 910 2599 Guarini
926 2548 1091 2611 discipulusr.
1111 2548 1161 2596 llic

309 2630 432 2679 Martinus
457 2643 540 2691 usque
563 2629 596 2679 ad
621 2629 733 2678 medium
755 2643 847 2678 annum
866 2641 922 2694 1425
942 2642 1064 2678 unacum
1081 2636 1161 2678 matre

308 2717 334 2758 et
359 2708 437 2758 fratre
455 2710 566 2758 Veronae
585 2716 757 2759 commoratus
772 2717 822 2768 est,
840 2709 883 2757 ubi
905 2723 963 2758 curn
983 2709 1071 2758 Madio
1088 2708 1160 2757 iuris-

307 2791 425 2838 consulto
452 2796 479 2837 et
507 2789 600 2838 loanne
629 2789 739 2839 Nicolao
768 2790 876 2838 Salerno
908 2789 996 2851 equite
1027 2789 1160 2838 amicitiam

307 2876 474 2918 contraxerat.
494 2870 532 2918 Εο
549 2869 604 2918 lere
620 2877 739 2932 tempore
761 2884 776 2918 a
800 2869 924 2928 (lucrino,
941 2870 1015 2918 cuius
1028 2868 1161 2930 disciplina

308 2950 442 3010 hucusque
469 2949 598 3008 utebatur,
625 2949 738 2998 Venetiis
764 2949 787 2997 in
817 2949 895 2998 domo
921 2949 1020 2998 loannis
1044 2948 1159 3011 Tegiacii

308 3031 449 3078 collocatus
469 3038 516 3089 est,
542 3030 586 3090 qui
603 3029 668 3080 lilios
694 3030 838 3091 praesertim
857 3029 1014 3079 ludovicum
1032 3029 1162 3077 instituen-

307 3108 357 3158 dos
381 3110 405 3158 ei
429 3109 541 3159 tradidit.
566 3110 681 3160 venetiis
712 3110 735 3157 in
769 3109 960 3159 familiaritatem
989 3110 1157 3172 Bonsignorii,

309 3189 434 3239 francisci
453 3189 558 3242 Barbari
575 3199 601 3238 et
620 3190 748 3238 Leonardi
767 3190 893 3238 lustiniani
911 3191 987 3238 venit.
1006 3194 1079 3238 Anno
1099 3191 1158 3248 1416

309 3268 410 3330 recepit
431 3282 460 3317 se
485 3270 608 3318 orationis
630 3269 778 3318 aGuarino
796 3270 819 3317 in
835 3269 924 3318 sunere
943 3271 1042 3318 loannis
1060 3270 1160 3318 Nicolai

308 3349 405 3397 Salerni
423 3349 515 3398 habitae
526 3348 681 3410 exemplaria
691 3350 806 3398 venetiis
817 3349 967 3399 ditiusurum
980 3363 1047 3398 esse.
1062 3349 1160 3397 Eodem

307 3437 427 3491 tempore
442 3442 552 3478 annuum
569 3430 626 3478 eius
642 3430 758 3477 salarium
774 3443 790 3477 a
805 3429 929 3491 Tegiacio
940 3439 1042 3478 auctum
1054 3437 1093 3477 est
1105 3442 1160 3477 sua·

309 3508 387 3556 dente
412 3507 534 3567 Guarino,
555 3522 640 3569 aquo
657 3521 728 3569 saepe
745 3522 794 3569 per
808 3510 903 3557 litteras
921 3510 988 3557 bona
1004 3510 1109 3558 consilia
1126 3508 1160 3556 de
