2850 4694
722 548 761 609 88

312 746 369 794 sus
400 722 554 818 Scylleos
594 721 731 792 latratus
761 717 933 815 apologia.
960 742 1037 790 curn
1077 718 1166 791 inter

313 852 379 909 tam
407 834 515 909 varias
544 859 624 931 quae
649 850 774 907 vexant
803 833 950 906 animum
977 857 1076 906 curas
1095 859 1164 906 non

313 951 464 1039 carmini,
484 976 552 1023 non
571 949 742 1023 scribendi
768 949 888 1022 rationi
907 951 1004 1022 locus
1022 966 1166 1046 praeste-

314 1085 367 1141 tur
383 1084 440 1140 aut
458 1067 565 1140 venia.
600 1065 659 1139 Eia
677 1065 786 1163 igitur,
815 1068 915 1153 lsota,
944 1065 1060 1161 virago
1079 1090 1165 1138 con-

287 1182 526 1283 5stantissima,
558 1199 592 1255 te
623 1181 729 1278 ipsam
760 1205 887 1254 revoca
917 1199 951 1253 et
983 1180 1047 1253 iarn
1075 1205 1166 1254 nunc

313 1321 401 1371 cane
427 1296 580 1393 receptui
600 1320 806 1393 mecumque
823 1296 986 1369 adversus
1005 1296 1166 1369 insultan-

313 1430 364 1486 tes
384 1414 471 1484 ultro
496 1412 589 1484 acies
616 1412 739 1484 inferre
762 1436 844 1509 para
869 1431 904 1484 et
930 1437 985 1484 me
1002 1413 1055 1484 vel
1075 1409 1167 1484 duce

312 1530 366 1601 vel
380 1527 615 1600 commilitone
631 1526 797 1624 deinceps
812 1544 917 1599 utere.
937 1529 1101 1623 Cumque
1120 1544 1167 1616 te,

312 1643 393 1740 quia
420 1643 545 1716 lemina
571 1660 650 1716 nata
666 1667 715 1730 es,
734 1642 942 1716 verecundia
967 1658 1073 1731 tenet,
1102 1643 1169 1715 Di·

271 1811 300 1846 ,0
313 1757 440 1831 donem
469 1758 628 1831 seminam
655 1782 737 1830 sane
767 1757 1002 1847 castissimam,
1029 1759 1168 1832 Corne-

312 1874 389 1947 liam
409 1875 651 1947 Gracchorum
670 1889 824 1962 matrem,
844 1872 928 1970 quid
947 1875 1067 1970 plura?
1087 1875 1170 1945 Mu-

311 2014 366 2064 sas
384 1989 535 2087 denique
562 1989 652 2086 ipsas
670 1989 812 2062 seminas
839 1989 942 2063 luisse
969 1988 1166 2076 recordare,

312 2129 392 2201 quae
422 2103 513 2177 viros
548 2128 691 2200 magnos
725 2103 929 2200 divinosque
964 2121 1087 2201 poetas
1118 2104 1167 2175 in-

312 2235 453 2308 struunt,
469 2217 609 2301 docent,
625 2219 798 2292 illustrant.
823 2217 927 2291 Haud
945 2243 1028 2291 sane
1046 2217 1168 2316 puduit

289 2393 296 2425 ζ
315 2336 497 2407 Maronem
517 2334 733 2407 invocantem
753 2333 881 2405 illarum
900 2358 1004 2430 opem
1025 2333 1167 2406 lemina·

313 2473 386 2521 rum
405 2449 451 2522 ita
468 2449 654 2522 cecinisse:
691 2451 826 2538 «Musa,
846 2448 925 2520 mihi
956 2472 1077 2522 causas
1096 2474 1167 2522 me-

314 2588 429 2637 mora·
451 2581 487 2637 et
504 2562 673 2637 «Pandite
687 2588 777 2637 nunc
790 2564 975 2655 Helicona,
986 2564 1074 2654 deae,
1085 2589 1167 2638 can-

362 2797 396 2861 (ι)
420 2799 523 2848 scilleos
548 2799 604 2859 CG,
631 2800 731 2849 scilleas
755 2801 793 2859 Μ,
820 2800 914 2850 scileos
939 2801 971 2849 R.
1006 2801 1107 2848 latratas
1125 2801 1164 2849 M.

315 2880 436 2942 epologiu
453 2879 482 2939 C,
500 2880 648 2943 appollogia
667 2881 725 2929 GR.
760 2881 792 2942 (ι.
813 2878 834 2940 3)
861 2882 926 2928 letus
949 2888 1109 2942 prestaretur
1126 2882 1165 2929 M.

315 2957 349 3022 (4)
359 2972 406 3022 eya
415 2960 502 3009 CGM.
538 2961 616 3008 Ysotu
634 2961 692 3019 GR,
712 2962 790 3009 lsotta
803 2961 830 3007 V.
859 2960 971 3023 virgoC.
1006 2959 1123 3022 (tlipslm
1133 2962 1165 3010 R.

314 3039 350 3101 et]
360 3040 419 3101 quia
428 3041 466 3088 Μ.
485 3053 551 3088 nunc
558 3053 604 3088 ont.
616 3040 647 3099 R,
660 3052 767 3089 numero
775 3040 813 3089 Μ.
839 3040 943 3102 (olcave
954 3041 984 3088 R.
1021 3038 1054 3100 (7)
1072 3039 1167 3088 inferre

314 3132 361 3167 om.
390 3120 421 3168 R.
466 3121 506 3167 vel
525 3133 571 3168 om.
601 3120 634 3168 G.
685 3118 718 3181 (9)
736 3118 794 3168 lem.
819 3120 880 3179 quia
904 3120 936 3168 G.
963 3119 1031 3180 quie]
1056 3132 1109 3179 que
1134 3120 1166 3167 R.

314 3199 471 3248 verecondia
486 3201 518 3249 R.
553 3197 585 3261 (9.
599 3200 636 3263 ιο)
655 3198 791 3262 Dydonem
809 3200 841 3248 G.
876 3199 926 3262 (11)
944 3212 1093 3262 graccorum
1109 3199 1166 3252 CG.

316 3281 469 3342 grachorum
494 3280 532 3338 M,
559 3292 696 3341 grecorum
722 3280 753 3337 R,
772 3292 906 3341 gracorum
923 3291 951 3328 ex
976 3291 1119 3340 groecorum
1140 3278 1167 3325 V.

316 3368 410 3408 matres
433 3359 463 3408 G
499 3357 549 3422 (ιι)
563 3359 630 3420 ipsas
642 3358 702 3408 den.
717 3359 806 3408 GMR.
831 3358 935 3406 seminas
951 3371 997 3406 ont.
1008 3359 1040 3407 R.
1069 3360 1117 3420 (ι).
1131 3358 1168 3418 14)

316 3438 461 3487 instituntur
473 3440 499 3486 V.
535 3440 585 3502 (14)
611 3439 670 3487 haut
695 3440 734 3497 M,
760 3447 804 3486 aut
829 3438 860 3485 R.
894 3435 945 3499 (ις)
969 3437 1090 3485 maiorem
1112 3436 1168 3485 Vin

316 3519 453 3576 texturam
464 3517 489 3566 t'n
499 3531 572 3580 marg.
602 3516 652 3579 (17)
665 3517 763 3566 elicona
773 3517 836 3573 GM,
849 3518 929 3578 helye.
937 3517 964 3563 V.
983 3524 1119 3576 tantusque
1129 3518 1167 3565 M.
