2926 5168
576 1088 611 1156 95

168 1244 258 1317 nime
288 1244 521 1319 admirandum
557 1245 628 1333 tun,
659 1270 737 1318 cum
768 1245 901 1320 scilicet
930 1246 1017 1321 inter

84 1404 86 1408 -
168 1377 234 1432 tam
253 1359 382 1456 peritos
401 1377 539 1457 tamque
557 1360 690 1435 divinos
708 1360 875 1453 homines,
893 1361 1017 1460 quibus

167 1492 260 1549 tanta
276 1475 461 1549 litterarum
489 1476 631 1549 facultas
649 1476 767 1566 inerat,
786 1492 875 1550 utet
892 1502 1017 1552 corvos

166 1609 371 1688 ceterasque
389 1595 585 1689 complures
603 1616 682 1665 aves
701 1591 821 1665 Latine
835 1595 1017 1690 loquentes

166 1707 454 1805 legerimus‚ipsae
465 1707 862 1781 tantamsibistudiorum
872 1708 1016 1805 gloriam
1049 1746 1058 1793 ς

166 1823 304 1920 adeptae
317 1823 393 1896 sint.
408 1822 696 1920 Atvobis‚quibus
706 1823 793 1896 inter
803 1825 891 1897 hanc
902 1824 1017 1899 mundi

166 1939 288 2012 faecem
307 1938 498 2011 effloruisse
511 1938 665 2039 contigit,
685 1955 845 2034 quantam
863 1941 1018 2035 qualem-

166 2080 235 2152 que
252 2080 356 2152 super
382 2056 442 2127 has
468 2054 603 2127 laudem
630 2078 757 2151 capere
784 2055 834 2128 sas
851 2058 922 2128 estl
951 2057 1017 2129 Eas

165 2170 256 2244 enim
274 2186 466 2266 temporum
486 2169 643 2243 doctrina
659 2187 694 2243 et
711 2170 811 2243 solita
832 2169 1016 2244 litterarum

165 2285 383 2359 consuetudo
401 2303 436 2358 et
454 2310 569 2359 earum
593 2285 773 2358 multitudo
791 2285 1015 2376 decorabant,
1033 2324 1062 2358 ιο

166 2420 200 2475 ut
235 2419 270 2474 et
300 2400 385 2498 ipsae
416 2401 448 2473 in
479 2401 597 2474 litteris
627 2401 785 2474 mulieres
814 2401 892 2474 viris
921 2401 1016 2475 adae·

165 2518 313 2615 quandae
348 2517 489 2604 suerint3
525 2543 587 2590 vos
625 2535 738 2590 autem
773 2534 1013 2614 tempestatem

166 2638 253 2708 hane
280 2635 398 2706 rudem
425 2649 461 2705 et
481 2634 525 2705 ab
553 2634 772 2706 humanarum
799 2633 918 2706 artium
944 2650 1013 2707 stu-

165 2751 228 2824 diis
245 2752 486 2823 abhorrentem
514 2748 693 2833 illustratis
721 2774 791 2845 quo
819 2749 924 2846 magis
942 2772 1013 2822 ma-

163 2867 284 2964 gisque
310 2865 525 2939 admirandas
542 2889 604 2937 vos
621 2889 736 2938 earum
755 2864 872 2939 raritas
894 2866 1055 2951 illumi-15

165 3001 230 3056 nat.
260 2968 359 3084 Quas
386 3006 440 3055 res
465 3005 544 3054 cum
571 2981 726 3077 plurimae
752 2997 918 3054 testentur
938 2980 1013 3078 epi-

162 3102 273 3181 stolae,
309 3115 377 3171 tum
404 3122 487 3170 vero
513 3099 605 3171 clare
640 3096 827 3194 praesertim
857 3120 943 3193 quas
968 3099 1013 3171 ab

163 3214 282 3312 insigni
317 3231 352 3287 et
384 3237 558 3310 generoso
594 3212 668 3285 viro
702 3211 844 3285 domino
882 3213 1012 3287 Iacobo

164 3334 318 3405 Foscaro
348 3329 557 3426 accepimus,
588 3328 711 3426 quibus
736 3353 757 3401 a
782 3328 879 3401 vobis
904 3328 1012 3404 allatis

161 3447 229 3521 suis
246 3446 348 3520 etiam
374 3444 615 3518 comitantibus
640 3443 794 3541 epistolis
820 3469 882 3517 nos
908 3443 1012 3541 parti-
1025 3480 1056 3516 20

161 3562 258 3660 cipes
284 3560 443 3635 reddidit.
475 3559 573 3661 Quid
603 3560 648 3633 de
670 3559 778 3633 missis
803 3559 847 3632 ad
876 3558 1011 3655 genito-

208 3817 242 3881 (4)
251 3832 309 3868 cum
321 3821 409 3881 plures
421 3817 474 3867 CV.
499 3816 534 3881 (ὁ)
545 3820 583 3866 Ac
592 3817 621 3866 G
646 3818 654 3881 t
659 3829 694 3864 11.
707 3820 743 3876 12)
756 3816 852 3877 edequ.
865 3817 894 3864 V.
916 3816 966 3877 (η)
976 3815 1009 3864 ab

160 3913 206 3947 om.
225 3899 254 3948 0
299 3897 349 3959 (14)
373 3898 541 3947 adhorentem
559 3897 588 3953 Q
614 3896 647 3945 ad
664 3898 809 3945 horrentem
831 3897 858 3943 V.
892 3908 959 3955 quos
980 3896 1007 3942 V.

161 3977 211 4038 (ις)
236 3977 329 4027 ruditas
357 3980 385 4027 V.
427 3977 476 4038 (to)
502 3985 627 4026 testantur
651 3977 681 4025 C.
723 3975 772 4038 (18)
790 3975 894 4024 domino
910 3988 956 4023 om.
978 3974 1006 4021 V.

161 4056 211 4117 (ιο)
228 4058 337 4106 commit.
358 4059 385 4105 V.
419 4056 467 4118 (ao.
487 4059 525 4120 21)
543 4058 672 4121 particeps
686 4058 717 4106 C.
