2850 4694
682 577 726 626 ΧΙΙ

275 758 384 832 usque
402 734 548 831 repetita
574 734 731 832 insignes.
762 736 890 831 Neque
907 731 1125 823 centonibus

274 874 363 945 quos
380 849 471 923 haud
490 875 597 948 parvo
615 874 758 922 numero
779 849 823 921 ab
840 850 973 946 Angela
986 873 1127 921 consar-

273 965 406 1039 cinatos
424 991 501 1040 esse
526 990 629 1063 supra
654 965 808 1052 vidimus,
833 968 934 1038 lsotoe
951 981 1036 1038 aetas
1055 988 1125 1036 ma-

273 1105 430 1178 gnopere
448 1080 621 1155 delectata
639 1105 717 1154 esse
734 1079 877 1153 videtur.

322 1198 582 1270 Summatamen
594 1198 676 1286 laus,
687 1195 1125 1294 quaAngelaapudaequa-

274 1313 323 1385 les
349 1327 385 1384 et
406 1328 566 1408 posteros
588 1311 845 1401 afficiebatur‚¹⁷
874 1311 956 1384 alias
982 1334 1125 1409 quoque

274 1426 416 1502 seminas
443 1429 640 1525 Nogarolas
663 1428 815 1525 pellexit,
835 1442 871 1500 ut
889 1427 989 1500 bonis
1006 1425 1125 1499 litteris

274 1542 523 1633 incumberent,
546 1543 650 1615 immo
677 1543 894 1633 carminibus,
913 1542 1126 1616 orationibus

273 1675 309 1732 et
325 1658 480 1755 epistolis
494 1657 709 1755 publicandis
721 1658 785 1732 sibi
800 1675 835 1731 et
848 1658 944 1732 sexui
961 1656 1125 1730 feminino

272 1773 415 1870 gloriam
446 1790 653 1872 quaererent,
681 1792 716 1846 ut
745 1776 911 1863 Nostram,
925 1773 952 1819 ¹⁸
989 1773 1125 1846 loannis

273 1888 1124 1987 cuiussonetossupralaudavimusfiliamAntonii

275 2004 482 2103 Martinengi
519 2029 672 2096 uxorem,
699 2008 852 2093 Laurum,
884 2009 987 2079 lsotae
1026 2030 1125 2078 soro-

274 2146 357 2204 rem,
369 2130 397 2178 ¹⁹
415 2120 554 2194 Nicolai
568 2121 676 2193 Troni
686 2121 819 2218 patricii
829 2121 953 2194 Veneti
969 2146 1123 2212 uxorem,

273 2235 400 2322 Iuliam,
432 2221 612 2309 Ludovici'
630 2237 747 2310 harum
775 2237 884 2310 fratris
911 2237 1064 2326 filiam‚²⁰
1089 2253 1125 2310 et

275 2352 378 2449 paulo
395 2367 475 2448 post
495 2352 627 2424 saeculo
645 2350 785 2424 decimo
802 2368 902 2425 sexto
913 2370 1039 2450 praeter
1057 2355 1124 2424 Lu-

271 2465 493 2540 ciamanobis
503 2465 568 2539 iam
580 2491 682 2564 supra
691 2485 995 2540 commemoratam
1006 2467 1124 2540 Cathe-

272 2582 373 2656 n'nam
389 2582 650 2679 Nogarolam.²¹
671 2585 827 2683 Quarum
845 2581 924 2656 duae
946 2602 1124 2680 postremo

273 2700 354 2771 loco
368 2696 516 2771 laudatae
530 2722 598 2770 non
612 2723 633 2770 a
648 2699 829 2794 Nogarolo
839 2699 1003 2795 sanguine
1016 2715 1124 2772 cretae

272 2811 334 2885 sed
353 2813 555 2886 matrimonii
574 2812 646 2886 iure
664 2813 697 2885 in
725 2813 882 2885 familiam
912 2815 1123 2911 Nogarolam

271 2946 455 3025 assumptae
480 2945 568 3018 sunt,
595 2928 690 3026 quod
716 2929 817 3002 etiam
838 2929 869 3000 in
890 2932 1020 3003 Blanca
1038 2932 1109 3002 Bor

272 3055 426 3118 romea²²
454 3047 556 3118 Isotae
583 3063 689 3118 matre
713 3045 843 3118 >sactum
862 3070 939 3118 esse
957 3044 1106 3118 videmus

273 3184 352 3256 quae
367 3183 573 3256 quamquam
589 3160 759 3233 illitterata
770 3172 796 3218 ²³
812 3178 925 3235 tamen
936 3162 1102 3257 theologii

272 3274 461 3371 praesertim
488 3275 605 3347 mirum
634 3293 796 3371 quantum
823 3277 903 3350 savit
933 3294 968 3349 et
1003 3277 1081 3349 mar'

272 3406 476 3487 praematura
502 3408 612 3463 morte
638 3408 761 3489 erepto
787 3417 952 3465 summum
975 3392 1050 3465 stud

271 3504 304 3576 in
331 3505 514 3577 liberorum
545 3504 754 3579 educatione
780 3506 906 3604 posuit,
932 3533 1026 3604 quan
