<?xml version="1.0" encoding="UTF-8"?>
<!DOCTYPE html PUBLIC "-//W3C//DTD XHTML 1.0 Transitional//EN"
    "http://www.w3.org/TR/xhtml1/DTD/xhtml1-transitional.dtd">
<html xmlns="http://www.w3.org/1999/xhtml" xml:lang="en" lang="en">
 <head>
  <title>
</title>
<meta http-equiv="Content-Type" content="text/html;charset=utf-8" />
  <meta name='ocr-system' content='tesseract 3.04.00' />
  <meta name='ocr-capabilities' content='ocr_page ocr_carea ocr_par ocr_line ocrx_word'/>
</head>
<body>
  <div class='ocr_page' id='page_1' title='image "./isotnogarolvero00nogagoog/isotnogarolvero00nogagoog_0176.png"; bbox 0 0 2850 4694; ppageno 0'>
   <div class='ocr_carea' id='block_1_1' title="bbox 653 559 744 605">
    <p class='ocr_par' dir='ltr' id='par_1_1' title="bbox 653 559 744 605">
     <span class='ocr_line' id='line_1_1' title="bbox 653 559 744 605; baseline -0.044 0"><span class='ocrx_word' id='word_1_1' title='bbox 653 559 744 605; x_wconf 80' lang='lat' dir='ltr'>01.le</span> 
     </span>
    </p>
   </div>
   <div class='ocr_carea' id='block_1_2' title="bbox 272 712 1128 1161">
    <p class='ocr_par' dir='ltr' id='par_1_2' title="bbox 272 712 1128 1161">
     <span class='ocr_line' id='line_1_2' title="bbox 272 712 1128 790; baseline 0 -1"><span class='ocrx_word' id='word_1_2' title='bbox 272 713 317 789; x_wconf 91' lang='lat' dir='ltr'>ad</span> <span class='ocrx_word' id='word_1_3' title='bbox 332 730 458 788; x_wconf 85' lang='lat' dir='ltr'>nostrae</span> <span class='ocrx_word' id='word_1_4' title='bbox 472 713 584 788; x_wconf 85' lang='lat' dir='ltr'>aetatis</span> <span class='ocrx_word' id='word_1_5' title='bbox 596 712 770 787; x_wconf 86' lang='lat' dir='ltr'>scribendi</span> <span class='ocrx_word' id='word_1_6' title='bbox 785 712 951 789; x_wconf 88' lang='lat' dir='ltr'>rationem</span> <span class='ocrx_word' id='word_1_7' title='bbox 962 738 1128 790; x_wconf 87' lang='lat' dir='ltr'>revocare</span> 
     </span>
     <span class='ocr_line' id='line_1_3' title="bbox 273 828 1128 929; baseline 0.004 -26"><span class='ocrx_word' id='word_1_8' title='bbox 273 830 445 929; x_wconf 91' lang='lat' dir='ltr'>piaculum</span> <span class='ocrx_word' id='word_1_9' title='bbox 454 828 623 918; x_wconf 86' lang='lat' dir='ltr'>duximus,</span> <span class='ocrx_word' id='word_1_10' title='bbox 634 845 748 903; x_wconf 89' lang='lat' dir='ltr'>tamen</span> <span class='ocrx_word' id='word_1_11' title='bbox 759 831 927 903; x_wconf 90' lang='lat' dir='ltr'>lectorum</span> <span class='ocrx_word' id='word_1_12' title='bbox 937 831 1128 906; x_wconf 92' lang='lat' dir='ltr'>commodo</span> 
     </span>
     <span class='ocr_line' id='line_1_4' title="bbox 273 944 1128 1044; baseline 0.002 -25"><span class='ocrx_word' id='word_1_13' title='bbox 273 948 342 1021; x_wconf 87' lang='lat' dir='ltr'>hoc</span> <span class='ocrx_word' id='word_1_14' title='bbox 353 971 416 1019; x_wconf 92' lang='lat' dir='ltr'>nos</span> <span class='ocrx_word' id='word_1_15' title='bbox 433 944 565 1021; x_wconf 88' lang='lat' dir='ltr'>debere</span> <span class='ocrx_word' id='word_1_16' title='bbox 575 945 775 1043; x_wconf 86' lang='lat' dir='ltr'>putavimus,</span> <span class='ocrx_word' id='word_1_17' title='bbox 786 946 978 1021; x_wconf 90' lang='lat' dir='ltr'>utmaiores</span> <span class='ocrx_word' id='word_1_18' title='bbox 989 972 1052 1044; x_wconf 90' lang='lat' dir='ltr'>pro</span> <span class='ocrx_word' id='word_1_19' title='bbox 1066 947 1128 1022; x_wconf 92' lang='lat' dir='ltr'>mi-</span> 
     </span>
     <span class='ocr_line' id='line_1_5' title="bbox 273 1060 1127 1161; baseline 0.002 -25"><span class='ocrx_word' id='word_1_20' title='bbox 273 1060 1127 1161; x_wconf 68' lang='lat' dir='ltr'>noribuslitteris‚uprou,ubinecesseerat‚pone⁴</span> 
     </span>
    </p>
   </div>
   <div class='ocr_carea' id='block_1_3' title="bbox 271 1176 1127 3583">
    <p class='ocr_par' dir='ltr' id='par_1_3' title="bbox 271 1176 1127 2427">
     <span class='ocr_line' id='line_1_6' title="bbox 272 1176 1125 1274; baseline -0.001 -23"><span class='ocrx_word' id='word_1_21' title='bbox 272 1201 385 1252; x_wconf 89' lang='lat' dir='ltr'>remus</span> <span class='ocrx_word' id='word_1_22' title='bbox 401 1193 438 1252; x_wconf 89' lang='lat' dir='ltr'>et</span> <span class='ocrx_word' id='word_1_23' title='bbox 463 1176 774 1274; x_wconf 82' lang='lat' dir='ltr'>interpunctionem</span> <span class='ocrx_word' id='word_1_24' title='bbox 801 1176 1062 1273; x_wconf 83' lang='lat' dir='ltr'><strong>corrigeremus.</strong></span> <span class='ocrx_word' id='word_1_25' title='bbox 1090 1180 1125 1250; x_wconf 92' lang='lat' dir='ltr'>ln</span> 
     </span>
     <span class='ocr_line' id='line_1_7' title="bbox 271 1291 1127 1391; baseline -0.001 -23"><span class='ocrx_word' id='word_1_26' title='bbox 271 1292 398 1368; x_wconf 89' lang='lat' dir='ltr'>ceteris</span> <span class='ocrx_word' id='word_1_27' title='bbox 414 1291 581 1391; x_wconf 87' lang='lat' dir='ltr'>epistolis,</span> <span class='ocrx_word' id='word_1_28' title='bbox 599 1317 679 1389; x_wconf 85' lang='lat' dir='ltr'>quae</span> <span class='ocrx_word' id='word_1_29' title='bbox 693 1292 802 1365; x_wconf 90' lang='lat' dir='ltr'>minus</span> <span class='ocrx_word' id='word_1_30' title='bbox 814 1292 907 1389; x_wconf 87' lang='lat' dir='ltr'>gravi</span> <span class='ocrx_word' id='word_1_31' title='bbox 921 1293 1127 1367; x_wconf 88' lang='lat' dir='ltr'>auctoritate</span> 
     </span>
     <span class='ocr_line' id='line_1_8' title="bbox 272 1406 1126 1506; baseline 0.001 -24"><span class='ocrx_word' id='word_1_32' title='bbox 272 1407 406 1482; x_wconf 86' lang='lat' dir='ltr'>traditae</span> <span class='ocrx_word' id='word_1_33' title='bbox 434 1423 523 1497; x_wconf 86' lang='lat' dir='ltr'>sunt,</span> <span class='ocrx_word' id='word_1_34' title='bbox 558 1406 737 1504; x_wconf 69' lang='lat' dir='ltr'>scripturae</span> <span class='ocrx_word' id='word_1_35' title='bbox 769 1408 993 1505; x_wconf 82' lang='lat' dir='ltr'>aequabilitati</span> <span class='ocrx_word' id='word_1_36' title='bbox 1020 1410 1126 1506; x_wconf 87' lang='lat' dir='ltr'>magis</span> 
     </span>
     <span class='ocr_line' id='line_1_9' title="bbox 272 1521 1127 1620; baseline 0.001 -23"><span class='ocrx_word' id='word_1_37' title='bbox 272 1522 472 1613; x_wconf 87' lang='lat' dir='ltr'>studuimus,</span> <span class='ocrx_word' id='word_1_38' title='bbox 507 1522 568 1596; x_wconf 90' lang='lat' dir='ltr'>nisi</span> <span class='ocrx_word' id='word_1_39' title='bbox 599 1521 823 1620; x_wconf 90' lang='lat' dir='ltr'>quodetiam</span> <span class='ocrx_word' id='word_1_40' title='bbox 851 1521 883 1594; x_wconf 92' lang='lat' dir='ltr'>in</span> <span class='ocrx_word' id='word_1_41' title='bbox 911 1523 963 1597; x_wconf 89' lang='lat' dir='ltr'>his</span> <span class='ocrx_word' id='word_1_42' title='bbox 989 1523 1127 1598; x_wconf 87' lang='lat' dir='ltr'>nomina</span> 
     </span>
     <span class='ocr_line' id='line_1_10' title="bbox 271 1636 1124 1737; baseline 0 -25"><span class='ocrx_word' id='word_1_43' title='bbox 271 1638 411 1737; x_wconf 91' lang='lat' dir='ltr'>propria</span> <span class='ocrx_word' id='word_1_44' title='bbox 427 1654 463 1711; x_wconf 88' lang='lat' dir='ltr'>et</span> <span class='ocrx_word' id='word_1_45' title='bbox 480 1639 651 1712; x_wconf 87' lang='lat' dir='ltr'>vocabula</span> <span class='ocrx_word' id='word_1_46' title='bbox 674 1653 818 1711; x_wconf 87' lang='lat' dir='ltr'>externa</span> <span class='ocrx_word' id='word_1_47' title='bbox 846 1636 891 1712; x_wconf 89' lang='lat' dir='ltr'>ad</span> <span class='ocrx_word' id='word_1_48' title='bbox 916 1638 1124 1737; x_wconf 93' lang='lat' dir='ltr'>optimorum</span> 
     </span>
     <span class='ocr_line' id='line_1_11' title="bbox 272 1753 1124 1860; baseline -0.001 -31"><span class='ocrx_word' id='word_1_49' title='bbox 272 1753 433 1860; x_wconf 76' lang='lat' dir='ltr'>codicum</span> <span class='ocrx_word' id='word_1_50' title='bbox 476 1753 579 1827; x_wconf 89' lang='lat' dir='ltr'>fidem</span> <span class='ocrx_word' id='word_1_51' title='bbox 622 1753 846 1827; x_wconf 87' lang='lat' dir='ltr'>exhibuimus.</span> <span class='ocrx_word' id='word_1_52' title='bbox 893 1755 1057 1851; x_wconf 90' lang='lat' dir='ltr'>Denique</span> <span class='ocrx_word' id='word_1_53' title='bbox 1092 1755 1124 1828; x_wconf 95' lang='lat' dir='ltr'>in</span> 
     </span>
     <span class='ocr_line' id='line_1_12' title="bbox 272 1867 1125 1966; baseline 0.001 -25"><span class='ocrx_word' id='word_1_54' title='bbox 272 1869 401 1944; x_wconf 85' lang='lat' dir='ltr'>lacunis</span> <span class='ocrx_word' id='word_1_55' title='bbox 430 1868 622 1966; x_wconf 86' lang='lat' dir='ltr'>explendis,</span> <span class='ocrx_word' id='word_1_56' title='bbox 651 1867 776 1965; x_wconf 92' lang='lat' dir='ltr'>quibus</span> <span class='ocrx_word' id='word_1_57' title='bbox 803 1868 921 1942; x_wconf 92' lang='lat' dir='ltr'>unicus</span> <span class='ocrx_word' id='word_1_58' title='bbox 947 1869 1005 1966; x_wconf 92' lang='lat' dir='ltr'>qui</span> <span class='ocrx_word' id='word_1_59' title='bbox 1030 1886 1125 1944; x_wconf 87' lang='lat' dir='ltr'>extat</span> 
     </span>
     <span class='ocr_line' id='line_1_13' title="bbox 273 1983 1123 2083; baseline 0.002 -26"><span class='ocrx_word' id='word_1_60' title='bbox 273 1986 301 2057; x_wconf 86' lang='lat' dir='ltr'>F</span> <span class='ocrx_word' id='word_1_61' title='bbox 304 1983 459 2058; x_wconf 91' lang='lat' dir='ltr'>uscareni</span> <span class='ocrx_word' id='word_1_62' title='bbox 477 1984 592 2059; x_wconf 87' lang='lat' dir='ltr'>codex</span> <span class='ocrx_word' id='word_1_63' title='bbox 609 2000 732 2067; x_wconf 81' lang='lat' dir='ltr'>scatet,</span> <span class='ocrx_word' id='word_1_64' title='bbox 751 1983 917 2058; x_wconf 89' lang='lat' dir='ltr'>noluimus</span> <span class='ocrx_word' id='word_1_65' title='bbox 935 1986 1123 2083; x_wconf 89' lang='lat' dir='ltr'>periculum</span> 
     </span>
     <span class='ocr_line' id='line_1_14' title="bbox 272 2099 1126 2196; baseline 0.004 -25"><span class='ocrx_word' id='word_1_66' title='bbox 272 2099 399 2189; x_wconf 87' lang='lat' dir='ltr'>lacere,</span> <span class='ocrx_word' id='word_1_67' title='bbox 430 2123 509 2173; x_wconf 91' lang='lat' dir='ltr'>cum</span> <span class='ocrx_word' id='word_1_68' title='bbox 539 2099 746 2196; x_wconf 86' lang='lat' dir='ltr'>singulorum</span> <span class='ocrx_word' id='word_1_69' title='bbox 773 2101 929 2172; x_wconf 92' lang='lat' dir='ltr'>locorum</span> <span class='ocrx_word' id='word_1_70' title='bbox 955 2100 1126 2174; x_wconf 87' lang='lat' dir='ltr'>sententia</span> 
     </span>
     <span class='ocr_line' id='line_1_15' title="bbox 280 2212 1125 2312; baseline 0 -24"><span class='ocrx_word' id='word_1_71' title='bbox 280 2239 358 2289; x_wconf 88' lang='lat' dir='ltr'>raro</span> <span class='ocrx_word' id='word_1_72' title='bbox 383 2231 512 2289; x_wconf 89' lang='lat' dir='ltr'>tantum</span> <span class='ocrx_word' id='word_1_73' title='bbox 542 2215 575 2287; x_wconf 92' lang='lat' dir='ltr'>in</span> <span class='ocrx_word' id='word_1_74' title='bbox 605 2212 745 2288; x_wconf 90' lang='lat' dir='ltr'>dubium</span> <span class='ocrx_word' id='word_1_75' title='bbox 771 2231 896 2289; x_wconf 85' lang='lat' dir='ltr'>vocata</span> <span class='ocrx_word' id='word_1_76' title='bbox 921 2214 995 2312; x_wconf 84' lang='lat' dir='ltr'>ipsa</span> <span class='ocrx_word' id='word_1_77' title='bbox 1019 2217 1125 2289; x_wconf 91' lang='lat' dir='ltr'>verba</span> 
     </span>
     <span class='ocr_line' id='line_1_16' title="bbox 272 2330 844 2427; baseline -0.002 -22"><span class='ocrx_word' id='word_1_78' title='bbox 272 2331 451 2405; x_wconf 85' lang='lat' dir='ltr'>restituere</span> <span class='ocrx_word' id='word_1_79' title='bbox 465 2330 635 2404; x_wconf 85' lang='lat' dir='ltr'>rarissime</span> <span class='ocrx_word' id='word_1_80' title='bbox 653 2354 844 2427; x_wconf 88' lang='lat' dir='ltr'>possemus.</span> 
     </span>
    </p>

    <p class='ocr_par' dir='ltr' id='par_1_4' title="bbox 272 2444 1125 2888">
     <span class='ocr_line' id='line_1_17' title="bbox 323 2444 1124 2545; baseline -0.001 -25"><span class='ocrx_word' id='word_1_81' title='bbox 323 2448 384 2521; x_wconf 91' lang='lat' dir='ltr'>De</span> <span class='ocrx_word' id='word_1_82' title='bbox 400 2446 521 2545; x_wconf 87' lang='lat' dir='ltr'>paucis</span> <span class='ocrx_word' id='word_1_83' title='bbox 538 2460 667 2520; x_wconf 86' lang='lat' dir='ltr'>tantum</span> <span class='ocrx_word' id='word_1_84' title='bbox 685 2444 867 2520; x_wconf 91' lang='lat' dir='ltr'>codicibus</span> <span class='ocrx_word' id='word_1_85' title='bbox 880 2445 938 2544; x_wconf 90' lang='lat' dir='ltr'>qui</span> <span class='ocrx_word' id='word_1_86' title='bbox 951 2449 1005 2520; x_wconf 88' lang='lat' dir='ltr'>vel</span> <span class='ocrx_word' id='word_1_87' title='bbox 1019 2449 1124 2520; x_wconf 91' lang='lat' dir='ltr'>latent</span> 
     </span>
     <span class='ocr_line' id='line_1_18' title="bbox 272 2560 1123 2659; baseline 0.001 -26"><span class='ocrx_word' id='word_1_88' title='bbox 272 2563 326 2636; x_wconf 89' lang='lat' dir='ltr'>vel</span> <span class='ocrx_word' id='word_1_89' title='bbox 353 2560 526 2659; x_wconf 89' lang='lat' dir='ltr'>perierunt</span> <span class='ocrx_word' id='word_1_90' title='bbox 542 2586 760 2659; x_wconf 91' lang='lat' dir='ltr'>quorumque</span> <span class='ocrx_word' id='word_1_91' title='bbox 778 2561 976 2636; x_wconf 89' lang='lat' dir='ltr'>memoriam</span> <span class='ocrx_word' id='word_1_92' title='bbox 994 2579 1123 2636; x_wconf 84' lang='lat' dir='ltr'>tantum</span> 
     </span>
     <span class='ocr_line' id='line_1_19' title="bbox 272 2675 1125 2774; baseline 0.002 -24"><span class='ocrx_word' id='word_1_93' title='bbox 272 2700 317 2751; x_wconf 92' lang='lat' dir='ltr'>ex</span> <span class='ocrx_word' id='word_1_94' title='bbox 347 2675 439 2749; x_wconf 88' lang='lat' dir='ltr'>libris</span> <span class='ocrx_word' id='word_1_95' title='bbox 469 2675 643 2774; x_wconf 90' lang='lat' dir='ltr'>impressis</span> <span class='ocrx_word' id='word_1_96' title='bbox 673 2698 839 2750; x_wconf 87' lang='lat' dir='ltr'>revocare</span> <span class='ocrx_word' id='word_1_97' title='bbox 873 2677 1058 2774; x_wconf 86' lang='lat' dir='ltr'>potuimus,</span> <span class='ocrx_word' id='word_1_98' title='bbox 1089 2694 1125 2752; x_wconf 92' lang='lat' dir='ltr'>ut</span> 
     </span>
     <span class='ocr_line' id='line_1_20' title="bbox 273 2790 719 2888; baseline -0.002 -23"><span class='ocrx_word' id='word_1_99' title='bbox 273 2814 385 2888; x_wconf 87' lang='lat' dir='ltr'>pauca</span> <span class='ocrx_word' id='word_1_100' title='bbox 402 2790 588 2865; x_wconf 91' lang='lat' dir='ltr'>reseramus</span> <span class='ocrx_word' id='word_1_101' title='bbox 605 2806 719 2865; x_wconf 82' lang='lat' dir='ltr'>restat</span> 
     </span>
    </p>

    <p class='ocr_par' dir='ltr' id='par_1_5' title="bbox 272 2904 1124 3583">
     <span class='ocr_line' id='line_1_21' title="bbox 321 2904 1123 2983; baseline 0.004 -5"><span class='ocrx_word' id='word_1_102' title='bbox 321 2907 358 2979; x_wconf 92' lang='lat' dir='ltr'>ln</span> <span class='ocrx_word' id='word_1_103' title='bbox 383 2905 510 2980; x_wconf 89' lang='lat' dir='ltr'>codice</span> <span class='ocrx_word' id='word_1_104' title='bbox 543 2930 624 2979; x_wconf 87' lang='lat'>1201</span> <span class='ocrx_word' id='word_1_105' title='bbox 663 2904 894 2982; x_wconf 85' lang='lat' dir='ltr'>Bibliothecae</span> <span class='ocrx_word' id='word_1_106' title='bbox 921 2909 1123 2983; x_wconf 89' lang='lat' dir='ltr'>Monasterii</span> 
     </span>
     <span class='ocr_line' id='line_1_22' title="bbox 273 3020 1123 3120; baseline 0.004 -25"><span class='ocrx_word' id='word_1_107' title='bbox 273 3022 306 3095; x_wconf 88' lang='lat' dir='ltr'>S.</span> <span class='ocrx_word' id='word_1_108' title='bbox 335 3021 519 3096; x_wconf 89' lang='lat' dir='ltr'>Michaelis</span> <span class='ocrx_word' id='word_1_109' title='bbox 547 3020 765 3097; x_wconf 88' lang='lat' dir='ltr'>Venetiarum</span> <span class='ocrx_word' id='word_1_110' title='bbox 791 3046 904 3120; x_wconf 89' lang='lat' dir='ltr'>prope</span> <span class='ocrx_word' id='word_1_111' title='bbox 930 3025 1123 3098; x_wconf 90' lang='lat' dir='ltr'>Murianum</span> 
     </span>
     <span class='ocr_line' id='line_1_23' title="bbox 272 3137 1120 3236; baseline 0.001 -26"><span class='ocrx_word' id='word_1_112' title='bbox 272 3137 452 3236; x_wconf 84' lang='lat' dir='ltr'>epistolam</span> <span class='ocrx_word' id='word_1_113' title='bbox 483 3161 565 3211; x_wconf 86' lang='lat' dir='ltr'><strong>xxv.</strong></span> <span class='ocrx_word' id='word_1_114' title='bbox 599 3162 647 3210; x_wconf 80' lang='grc' dir='ltr'>ιν.</span> <span class='ocrx_word' id='word_1_115' title='bbox 686 3163 718 3211; x_wconf 90' lang='lat' dir='ltr'>rr.</span> <span class='ocrx_word' id='word_1_116' title='bbox 753 3137 907 3213; x_wconf 84' lang='lat' dir='ltr'>extitisse</span> <span class='ocrx_word' id='word_1_117' title='bbox 939 3137 1041 3212; x_wconf 84' lang='lat' dir='ltr'>tradit</span> <span class='ocrx_word' id='word_1_118' title='bbox 1074 3141 1120 3211; x_wconf 94' lang='lat' dir='ltr'>lo.</span> 
     </span>
     <span class='ocr_line' id='line_1_24' title="bbox 275 3252 1121 3328; baseline -0.002 -2"><span class='ocrx_word' id='word_1_119' title='bbox 275 3253 407 3327; x_wconf 90' lang='lat' dir='ltr'>Bened.</span> <span class='ocrx_word' id='word_1_120' title='bbox 427 3253 604 3328; x_wconf 84' lang='lat' dir='ltr'>Mittarelli</span> <span class='ocrx_word' id='word_1_121' title='bbox 622 3253 655 3326; x_wconf 92' lang='lat' dir='ltr'>in</span> <span class='ocrx_word' id='word_1_122' title='bbox 681 3254 923 3328; x_wconf 77' lang='lat' dir='ltr'>«Bibliotheca</span> <span class='ocrx_word' id='word_1_123' title='bbox 947 3252 1121 3327; x_wconf 92' lang='lat' dir='ltr'>Codicum</span> 
     </span>
     <span class='ocr_line' id='line_1_25' title="bbox 275 3367 1123 3467; baseline 0.002 -27"><span class='ocrx_word' id='word_1_124' title='bbox 275 3367 588 3467; x_wconf 87' lang='lat' dir='ltr'>Manuscriptorum</span> <span class='ocrx_word' id='word_1_125' title='bbox 608 3368 813 3444; x_wconf 86' lang='lat' dir='ltr'>Monasterii</span> <span class='ocrx_word' id='word_1_126' title='bbox 829 3368 944 3443; x_wconf 84' lang='lat' dir='ltr'>Sancti</span> <span class='ocrx_word' id='word_1_127' title='bbox 964 3368 1123 3442; x_wconf 89' lang='lat' dir='ltr'>Michae-</span> 
     </span>
     <span class='ocr_line' id='line_1_26' title="bbox 273 3482 1124 3583; baseline 0.002 -28"><span class='ocrx_word' id='word_1_128' title='bbox 273 3482 313 3555; x_wconf 90' lang='lat' dir='ltr'>lis</span> <span class='ocrx_word' id='word_1_129' title='bbox 330 3483 549 3557; x_wconf 88' lang='lat' dir='ltr'>Venetiarum</span> <span class='ocrx_word' id='word_1_130' title='bbox 575 3510 686 3583; x_wconf 91' lang='lat' dir='ltr'>prope</span> <span class='ocrx_word' id='word_1_131' title='bbox 713 3484 929 3559; x_wconf 74' lang='lat' dir='ltr'>Murianum·</span> <span class='ocrx_word' id='word_1_132' title='bbox 959 3483 1124 3581; x_wconf 87' lang='lat' dir='ltr'>(Venetiis</span> 
     </span>
    </p>
   </div>
   <div class='ocr_carea' id='block_1_4' title="bbox 0 0 1430 4694">
    <p class='ocr_par' dir='ltr' id='par_1_6' title="bbox 0 0 1430 4694">
     <span class='ocr_line' id='line_1_27' title="bbox 0 0 1430 4694; baseline 0 0"><span class='ocrx_word' id='word_1_133' title='bbox 0 0 1430 4694; x_wconf 95' lang='lat' dir='ltr'> </span> 
     </span>
    </p>
   </div>
  </div>
 </body>
</html>
