2850 4694
652 606 726 648 lxm

262 756 484 831 Venetiarum
509 757 704 855 magistratu
732 757 852 831 missus
878 757 953 854 est),
981 784 1025 831 ex
1051 781 1120 854 qua

265 877 498 948 Fuscarenum
530 898 608 947 cum
637 875 727 947 lsota
757 872 875 946 medio
901 874 974 947 sere
1001 897 1120 946 mense

265 989 394 1063 Martio
426 1014 456 1063 a.
491 990 582 1084 1466
608 1015 676 1062 non
704 989 749 1062 ita
776 989 887 1063 multis
912 1005 992 1063 ante
1019 991 1120 1063 lsotae

264 1122 409 1178 mortem
452 1104 575 1178 diebus
612 1106 763 1178 Veronae
797 1107 1008 1178 collocutum
1042 1129 1120 1178 esse

265 1222 439 1296 discimus.
460 1223 610 1295 Constat
627 1220 779 1318 denique
797 1247 841 1294 ex
860 1221 1045 1295 Fuscareni
1069 1221 1121 1294 lit·

265 1337 346 1412 teris
363 1337 409 1411 ad
436 1337 644 1411 Damianum
665 1340 815 1435 Burgum
842 1362 871 1410 a.
906 1338 988 1430 1461
1022 1336 1121 1426 datis,

267 1457 404 1543 lsotam,
423 1479 503 1551 quae
522 1470 602 1551 post
620 1453 791 1527 infelicem
811 1471 954 1527 mortem
972 1453 1122 1550 genetri-

266 1570 318 1643 cis
332 1569 539 1644 dulcissimae
549 1579 576 1626 ⁷³
598 1594 755 1643 unacum
772 1569 947 1643 Damiano
960 1570 1123 1644 Venetias

267 1711 306 1759 se
324 1687 530 1776 contulerat,
551 1702 586 1759 ut
605 1685 649 1759 ibi
668 1710 688 1759 a
706 1686 800 1758 luctu
819 1701 855 1758 et
876 1710 1021 1759 maerore
1039 1710 1123 1783 pau·

267 1804 369 1875 lulum
400 1801 648 1899 requiesceret,
679 1825 700 1874 a
731 1803 931 1875 Fuscareno
961 1802 1124 1876 instanter

267 1916 485 1991 sollicitatam
504 1942 593 2007 esse,
610 1933 646 1989 ut
667 1941 786 1990 eorum
810 1942 889 2013 quae
912 1917 1125 2014 promisisset

268 2057 401 2106 memor
418 2033 559 2107 Utinum
577 2058 616 2106 se
630 2032 806 2106 conferret
823 2051 859 2105 et
877 2031 909 2104 in
928 2032 1036 2107 domo
1054 2036 1123 2107 Fu·

267 2174 411 2223 scarena
429 2174 573 2223 maerore
591 2175 629 2223 se
642 2151 757 2223 levare
769 2166 961 2222 conaretur.

318 2266 368 2336 Ex
387 2265 437 2338 his
454 2264 598 2363 aliisque
625 2267 654 2337 F
657 2265 812 2339 uscareni
838 2264 957 2338 litteris
981 2289 1124 2339 accura-

269 2398 337 2454 tam
356 2381 455 2453 nobis
474 2381 604 2478 fingere
622 2380 704 2453 licet
722 2380 914 2479 imaginem,
930 2381 1039 2478 qualis
1052 2383 1123 2454 lso

269 2513 315 2569 tae
334 2512 413 2593 post
426 2495 570 2568 reditum
586 2496 617 2568 in
633 2496 775 2594 patriam
789 2512 825 2569 et
839 2512 918 2594 post
930 2497 1122 2570 absolutum

270 2612 315 2686 de
333 2611 419 2685 ndae
434 2629 470 2685 et
484 2614 565 2686 Evae
580 2629 729 2710 peccato
743 2612 916 2710 dialogum
931 2612 1032 2685 suerit
1044 2612 1123 2686 vitae

270 2745 306 2802 et
318 2727 491 2802 scribendi
506 2728 602 2801 ratio.
621 2728 771 2802 Picturae
785 2753 865 2825 quae
881 2744 1021 2801 sanctos
1035 2727 1090 2800 res
1109 2770 1124 2780 -

271 2846 403 2933 rebant,
420 2845 497 2917 vela
513 2859 586 2917 arte
604 2843 873 2917 elaboratissima
902 2843 1063 2916 crucibus
1088 2859 1124 2915 et

271 2962 448 3033 beatorum
465 2959 664 3057 imaginibus
683 2958 839 3056 insignita
865 2958 1001 3031 unicum
1027 2974 1125 3031 erant

270 3077 405 3149 cellulae
418 3074 491 3148 eius
509 3092 757 3164 ornamentum,
776 3075 850 3171 ipsa
867 3075 958 3147 nulla
971 3073 1124 3147 imbecil-

271 3191 363 3264 lioris
390 3190 592 3263 valetudinis
619 3215 701 3263 cura
717 3206 817 3287 gesta
839 3189 976 3262 infirmis
1002 3212 1124 3261 curan-

272 3307 335 3396 dis,
355 3306 561 3404 pauperibus
578 3304 808 3393 sublevandis,
835 3304 992 3394 orationi,
1018 3304 1124 3378 sacris

272 3422 550 3496 meditationibus
567 3439 603 3495 et
619 3447 790 3496 sacrarum
808 3422 992 3494 litterarum
1009 3419 1125 3495 studio

273 3556 379 3612 totam
414 3563 452 3611 se
487 3538 619 3612 dedidit
652 3556 688 3612 et
721 3537 879 3612 omnibus
904 3535 1125 3611 saecularibus
