2850 4694
859 578 913 635 ¹30

457 728 620 826 observo)
643 755 757 828 neque
784 730 880 827 quod
903 729 1040 828 penitus
1062 729 1141 803 milri
1161 729 1224 827 ipsi
1243 729 1312 803 dil·

456 845 609 921 fiderem.
642 846 710 921 Tui
741 847 857 943 itaque
888 846 920 919 in
948 871 1003 918 me
1028 846 1153 920 amoris
1183 847 1312 919 exhor-

455 962 585 1036 tatione
611 962 749 1038 invitata
783 963 892 1060 ipsum
928 961 1162 1060 respondendi
1188 987 1312 1037 munus

457 1105 521 1178 pro
556 1079 710 1153 muliebri
754 1104 832 1153 mea
868 1079 983 1152 subire
1017 1077 1117 1152 statui
1152 1102 1218 1150 nec
1254 1103 1311 1152 me

430 1197 554 1275 tlabor
570 1195 635 1270 iste
659 1194 824 1295 gravabit,
844 1220 915 1292 quo
940 1219 995 1267 res
1021 1217 1172 1290 cumque
1194 1193 1310 1286 cadat,

455 1312 520 1387 etsi
545 1336 758 1411 cognoscam
790 1312 1044 1410 Pythagoreum
1073 1308 1162 1384 istud
1188 1328 1311 1385 contra

456 1451 512 1501 me
537 1426 769 1518 constitutum,
796 1451 867 1523 quo
894 1424 989 1500 iubet
1013 1424 1202 1523 discipulos
1227 1451 1310 1501 suos

455 1566 523 1616 non
542 1541 651 1617 minus
668 1566 771 1641 quarn
799 1541 971 1616 biennium
990 1558 1107 1615 tacere
1125 1540 1233 1633 initio,
1253 1567 1309 1632 ne,

454 1657 551 1755 quod
568 1674 668 1756 turpe
689 1675 753 1748 ert,
772 1657 852 1747 salli,
871 1681 996 1747 errare,
1015 1656 1131 1754 decipi
1149 1656 1309 1731 videren-

413 1802 442 1838 10
454 1790 518 1864 tur,
537 1775 591 1848 vel
610 1773 706 1871 quod
733 1800 801 1848 non
820 1774 900 1849 satis
926 1776 1107 1871 explorate
1129 1774 1308 1872 percepis-

453 1907 530 1963 sent
552 1889 759 1988 pertinacius
786 1889 849 1988 ipsi
867 1889 1106 1964 defenderent.
1138 1892 1309 1964 isocrates

453 2031 595 2104 quoque
612 2006 744 2080 adiurat
761 2005 950 2104 discipulos
971 2022 1155 2103 antequam
1177 2004 1308 2081 doceat

452 2138 489 2195 et
501 2139 687 2220 extorquet
699 2123 890 2198 iuramento
903 2123 1082 2197 silentium.
1098 2122 1169 2196 Sed
1183 2124 1308 2197 carmi·

453 2263 531 2311 num
546 2255 680 2312 tuorum
696 2239 862 2313 suavitate
880 2264 922 2314 ac
939 2238 1126 2313 dulcedine
1143 2240 1306 2336 pellecta,

410 2382 436 2433 15
451 2354 548 2452 quod
573 2372 695 2429 contra
720 2355 887 2429 decorum
913 2355 1080 2429 muliebre
1103 2371 1167 2445 est,
1186 2371 1306 2430 tacere

497 2582 532 2647 (r)
549 2598 572 2632 n.
591 2584 663 2645 quod
680 2584 729 2632 mei
747 2585 802 2645 ipsa
818 2585 920 2646 penitus
936 2584 962 2634 d.
981 2586 1009 2633 Ε.
1055 2584 1088 2648 (ι)
1105 2586 1129 2634 in
1146 2599 1187 2634 me
1203 2599 1250 2634 om.
1269 2587 1302 2636 R.

450 2662 604 2726 (zaleucum.
623 2665 653 2715 C
698 2664 733 2727 ll)
758 2665 860 2714 imutata
883 2666 913 2715 0
948 2665 1020 2728 ipsim
1037 2665 1069 2714 R.
1112 2664 1144 2727 (ς.
1163 2666 1187 2728 4)
1212 2680 1305 2716 munus

450 2745 510 2794 licet
526 2745 643 2794 muliebri
659 2745 718 2793 stilo
734 2745 792 2793 sub.
811 2746 842 2794 R.
877 2744 911 2808 (4)
928 2759 985 2793 mea
996 2745 1114 2794 facultate
1131 2745 1188 2793 sub.
1198 2747 1227 2793 Ε.
1254 2761 1305 2797 nec

450 2838 507 2872 mea
527 2826 553 2872 V.
588 2823 622 2887 (ς)
633 2837 792 2887 quocunque
803 2838 846 2873 res
856 2824 931 2874 cadat
940 2825 972 2873 G.
1005 2823 1301 2884 cadantC,cadentEV.

449 2903 484 2968 (6)
493 2905 671 2968 pithagoreum
681 2905 711 2964 C,
721 2913 888 2969 pytagoreum
897 2906 950 2963 BV,
969 2905 1128 2968 pitagoreum
1138 2906 1201 2963 GM,
1221 2905 1303 2966 pitha-

449 2986 560 3048 goricum
577 2986 609 3034 R.
644 2984 705 3034 illud
722 2986 777 3045 CR,
797 2984 822 3034 id
840 2986 873 3035 G.
908 2984 976 3034 istud
988 2994 1147 3046 praeceptum
1165 2993 1254 3034 contra
1271 2988 1300 3034 E.

449 3063 483 3129 (8)
500 3078 575 3126 quam
593 3066 721 3116 biennium
737 3079 783 3114 om.
805 3066 837 3114 G.
880 3065 991 3114 bienium
1008 3066 1087 3122 CRV,
1107 3064 1243 3128 byennium
1260 3067 1299 3115 Μ.

449 3146 542 3195 nuncio
558 3147 596 3195 Μ.
631 3160 680 3196 nec
696 3147 727 3195 R.
762 3144 796 3209 (9)
813 3144 876 3206 quid
893 3146 954 3195 CM.
989 3153 1065 3207 turpe
1076 3158 1123 3193 om.
1143 3145 1175 3194 G.
1210 3158 1302 3194 errare

447 3232 491 3274 aut
507 3225 565 3276 dee.
584 3228 612 3275 E.
646 3225 696 3290 (ro)
713 3226 763 3286 vel]
781 3239 846 3273 neve
863 3227 891 3274 Ε.
926 3226 1098 3287 percipissent
1114 3227 1145 3274 R.
1180 3223 1229 3288 (11)
1241 3239 1302 3288 per·

446 3304 549 3355 tinatius
565 3307 603 3365 M,
622 3305 788 3369 pertinentius
811 3307 842 3354 R.
877 3305 1022 3354 diffiderent
1047 3306 1078 3354 R.
1114 3314 1247 3368 ysocrates
1265 3308 1299 3366 G,

448 3384 570 3435 isocrates
591 3387 618 3434 V.
648 3385 698 3449 (ιι)
715 3384 817 3435 adiuvat
834 3386 887 3435 ER.
922 3385 972 3448 (η)
987 3395 1069 3434 etom.
1084 3387 1114 3436 C.
1149 3386 1247 3435 scilent.
1267 3387 1298 3436 C.

447 3467 526 3514 serv.
569 3464 618 3526 (14)
642 3474 669 3514 et
692 3467 722 3516 C.
756 3480 787 3515 ac
811 3466 879 3515 dulc.
897 3479 967 3519 cmm.
987 3467 1050 3519 GM.
1086 3465 1251 3528 (15lcontra]
1275 3468 1300 3517 in

448 3546 511 3597 GM.
545 3545 627 3594 decus
643 3547 671 3595 E.
706 3545 814 3595 mulibre
829 3545 858 3595 C.
