2850 4694
672 620 707 682 4³

265 771 412 862 leminae,
432 797 511 870 quae
529 796 633 845 omne
653 798 751 846 suurn
778 790 924 871 tempus,
950 775 1117 868 laborem,

267 912 394 979 curam,
413 887 560 961 studium
583 888 617 960 in
643 888 766 962 virtute
784 908 1115 965 consummaverunt

267 1006 380 1078 Musae
403 1004 487 1102 ipsae
506 1004 643 1079 leminae
661 1005 798 1078 suerunt
815 1023 851 1078 et
866 1007 957 1081 viros
975 1032 1117 1105 magnos

265 1120 468 1219 divinosque
485 1138 609 1218 poetas
623 1122 851 1195 instruxerunt
859 1138 964 1220 atque
975 1122 1118 1196 illustra·

266 1254 352 1309 runt.
376 1237 597 1310 Verecundia
614 1262 697 1310 vero
716 1240 806 1310 nulla
817 1238 925 1310 tenuit
935 1240 1119 1311 Maronem
1151 1272 1161 1324 5

264 1377 369 1450 opem
398 1353 525 1426 illarum
553 1354 770 1427 invocantem
797 1353 843 1427 ita
860 1354 1048 1428 cecinisse:
1068 1355 1120 1428 Si·

265 1468 409 1542 chilides
429 1472 467 1541 M
473 1495 542 1543 usae
558 1473 661 1566 paulo
679 1470 808 1543 maiora
825 1494 997 1544 canamus.
1017 1470 1119 1568 Apud

267 1586 448 1658 Platonem
463 1585 621 1658 mulieres
631 1584 719 1658 divae
734 1584 963 1683 philosophiae
977 1609 1119 1659 vacasse

265 1718 396 1774 certum
407 1718 470 1791 est,
482 1701 705 1774 Lascheniam
715 1701 851 1774 scilicet
859 1718 896 1773 et
905 1700 1119 1774 Mantineam

265 1833 302 1888 et
329 1817 535 1890 Axiotheam
568 1816 763 1905 Philasiam,
794 1840 897 1912 quarn
929 1833 964 1889 et
989 1816 1117 1888 virilem
1135 1851 1165 1887 ιο

266 1932 416 2005 habitum
427 1930 583 2004 discendi
595 1931 704 2029 gratia
717 1930 868 2004 induisse
882 1929 1011 2003 dicunt.
1027 1932 1119 2003 Cor·

266 2046 355 2119 nelia
373 2049 590 2120 Graecorum
609 2064 717 2119 mater
734 2046 869 2144 quantis
887 2045 1040 2119 versibus
1057 2045 1119 2119 de-

266 2165 444 2235 cantaturi
473 2161 603 2234 Merito
622 2160 762 2259 quidem
780 2162 992 2258 sempiterno
1011 2160 1119 2235 dona-

266 2295 386 2351 verunt
394 2303 473 2351 aevo
482 2277 628 2351 maiores
638 2277 743 2350 nostri
754 2277 944 2374 primariam
959 2277 1118 2351 seminam

267 2410 303 2466 et
320 2392 487 2489 religione
505 2392 734 2465 Christianam
757 2392 941 2489 coniugem
959 2393 1118 2490 Adelphi‚
1136 2430 1160 2481 ις

267 2534 347 2606 quae
373 2507 464 2582 adeo
490 2506 622 2581 erudita
644 2507 716 2597 suit,
736 2525 771 2580 ut
788 2533 864 2581 eam
884 2525 992 2581 toturn
1009 2509 1119 2605 Virgi-

267 2625 391 2698 lianunr
410 2649 549 2698 carmen
568 2624 733 2697 memoria
750 2624 910 2698 habuisse
929 2625 1040 2697 serant
1057 2650 1119 2715 noss

268 2765 416 2838 vumque
460 2756 699 2813 testamentum
734 2756 855 2813 ornate
889 2739 1119 2835 distincteque

267 2854 455 2951 scripsisse.
489 2853 600 2955 Quod
618 2879 696 2927 cum
715 2854 761 2927 ita
777 2854 830 2943 sit,
849 2880 927 2927 num
946 2854 1068 2930 litterae
1087 2855 1119 2926 in

268 2970 401 3043 seminis
415 2970 514 3067 origo
528 2995 570 3044 ac
585 2970 840 3044 fundamentum
864 2972 1028 3042 malorum
1048 2970 1120 3042 exi·
1134 3006 1165 3043 ιο

268 3103 370 3175 stunt,
381 3113 460 3159 nurn
479 3089 534 3161 hae
552 3087 615 3160 illis
632 3087 831 3184 dignitatem
849 3086 1062 3174 ademerunt,
1077 3110 1120 3159 an

316 3345 350 3409 (2)
367 3352 580 3394 consumaverunt
599 3344 629 3393 C.
664 3344 696 3405 (ὁ.
719 3342 742 3403 7)
759 3341 901 3390 Sicelides?
935 3342 969 3404 (8)
991 3341 1043 3390 due
1058 3343 1120 3406 phy·

269 3428 315 3474 los.
334 3426 364 3474 C.
401 3424 435 3486 (9)
449 3425 602 3473 lascheniam
612 3437 647 3471 sc.
660 3431 686 3470 et
698 3423 822 3470 mantinea
838 3423 868 3471 C.
903 3421 953 3484 (ιο)
970 3422 1120 3471 Phliasium?

268 3505 462 3568 (15lchristianu
472 3506 501 3554 C.
533 3505 686 3566 coniungent
695 3504 724 3552 C.
758 3501 807 3565 (17)
816 3504 962 3552 memorium
971 3503 1002 3551 C.
1021 3502 1071 3566 (18)
1083 3502 1121 3551 di·

268 3585 398 3646 stinteque
416 3585 446 3633 0
478 3583 527 3648 (19)
545 3585 634 3633 lictere
652 3585 682 3632 C.
