2850 4694
727 598 765 674 84

315 785 351 842 et
377 767 509 864 opinari
540 784 576 839 et
602 766 793 864 praedicare
822 768 989 851 solebam,
1021 786 1057 841 ut
1089 770 1170 843 nihil

315 882 479 957 accidere
510 898 639 980 posset,
670 881 767 979 quod
794 908 863 955 non
890 883 968 956 sorti
986 900 1022 957 et
1040 883 1169 959 invicto

217 1010 220 1016 '
316 999 423 1074 serres
441 1015 597 1095 pectore.
629 999 732 1070 Nunc
758 1013 872 1071 autem
898 999 948 1071 sic
973 998 1168 1089 demissam,

314 1114 484 1188 abiectam
503 1129 539 1186 et
556 1137 637 1185 vere
655 1113 829 1186 mulierem
853 1130 924 1187 tete
949 1132 1114 1204 ostentas,
1133 1134 1170 1188 ut

288 1260 297 1303 r
315 1231 394 1303 nihil
414 1229 597 1327 magnifico
616 1228 660 1302 de
679 1246 713 1302 te
730 1229 843 1302 sensui
862 1255 942 1303 meo
956 1231 1169 1327 respondere

315 1363 349 1420 te
367 1370 515 1419 cernam.
545 1346 640 1444 Quae
657 1344 738 1441 quia
756 1360 835 1418 nata
859 1344 904 1418 sis
926 1345 1062 1436 semina,
1082 1372 1168 1443 que-

315 1461 397 1535 reris
426 1479 462 1534 et
492 1459 638 1557 proinde
674 1460 913 1534 infortunatam
940 1479 974 1534 te
990 1462 1107 1558 sentis
1132 1480 1169 1536 et

314 1602 386 1675 prae
404 1593 439 1649 te
466 1575 544 1665 fers,
575 1599 654 1649 cum
686 1592 807 1649 contra
837 1576 936 1651 itate
963 1601 1087 1674 gerere
1106 1577 1168 1652 de·

314 1691 456 1780 buisses‚
476 1707 511 1762 ut
527 1716 645 1764 sexum
670 1691 810 1787 quidem
830 1708 970 1780 naturae,
989 1695 1167 1768 excelsum

271 1838 300 1872 ιο
312 1824 426 1880 autem
444 1806 591 1879 animum
610 1807 721 1879 virtuti
747 1808 950 1898 ascriberes,
968 1810 1064 1883 cuius
1084 1836 1166 1908 pro

314 1922 496 1997 sessionem
524 1921 635 1995 studia
661 1923 723 1996 ista
749 1925 955 2021 pollicentur
971 1927 1024 1998 vel
1050 1927 1168 2000 claris·

312 2037 469 2111 simarum
485 2037 673 2111 imitatione
687 2063 921 2136 personarum,
939 2065 1026 2138 quas
1044 2057 1080 2113 ut
1098 2042 1166 2116 ser·

312 2153 481 2228 tilissimus
505 2179 587 2252 ager
613 2154 692 2228 vitae
719 2155 878 2253 magistra
912 2156 971 2228 tibi
997 2157 1167 2254 germinat

312 2269 460 2343 historia.

270 2414 294 2455 rr
361 2384 458 2484 Quid
493 2387 562 2473 fiet,
593 2386 620 2460 si
655 2403 691 2460 et
717 2387 825 2460 ceteri
852 2387 902 2460 sic
933 2403 992 2461 tuo
1019 2387 1167 2462 fecerint

311 2503 484 2598 exemplo,
516 2519 552 2573 ut
578 2501 673 2575 miles
704 2502 818 2576 rustici
849 2521 989 2589 sortem,
1021 2503 1166 2578 rusticus

358 2776 366 2833 i
371 2776 391 2835 1)
409 2776 531 2839 opinione
548 2783 574 2824 et
592 2789 619 2824 re
632 2777 706 2838 pred.
726 2779 753 2833 V,
773 2777 900 2839 predicari
916 2786 942 2826 et
954 2792 997 2841 op.
1012 2779 1042 2826 R.
1078 2778 1113 2842 (a)
1124 2793 1165 2828 ac-

310 2855 368 2904 ced.
395 2857 432 2904 M.
467 2855 536 2917 (aa)
562 2857 582 2904 si
608 2857 674 2905 dem.
703 2866 729 2905 et
753 2858 803 2907 abi.
828 2867 853 2906 et
870 2859 900 2906 R.
936 2856 970 2921 (4)
985 2867 1115 2907 ostentans
1132 2862 1163 2909 R.

310 2934 344 2998 (ς)
362 2936 394 2984 nii
413 2936 445 2984 G.
481 2937 611 2999 magnifice
628 2951 704 2985 sensu
721 2952 779 2987 meo
791 2939 825 2987 de
837 2947 863 2987 te
875 2940 907 2988 R.
942 2938 976 3002 (ό)
988 2939 1057 3000 quia]
1069 2953 1121 3000 qua
1132 2942 1163 2989 R.

310 3018 341 3079 (ό.
354 3015 377 3077 7)
395 3017 568 3078 querrerisR.
603 3017 638 3081 (7)
654 3018 763 3081 perinde
781 3020 844 3069 GM.
879 3018 972 3068 fortun.
988 3021 1014 3067 V.
1034 3027 1060 3068 te
1068 3033 1114 3068 om.
1132 3022 1163 3069 R.

309 3096 342 3157 (8)
360 3111 409 3159 pro
423 3099 454 3147 R
489 3098 580 3148 iratres
596 3101 623 3146 V.
657 3113 715 3148 cum
727 3108 817 3149 contra
828 3100 861 3148 ita
871 3108 896 3148 te
904 3113 950 3148 om.
965 3101 998 3149 G.
1017 3102 1089 3149 teitu
1100 3103 1162 3151 MR.

308 3191 404 3240 genere
414 3179 443 3227 C.
479 3178 512 3242 (o)
522 3179 636 3239 quidem}
645 3180 716 3241 quod
728 3181 757 3229 C.
777 3181 827 3242 (ιο)
836 3194 913 3229 asser.
925 3181 962 3229 Μ.
995 3183 1043 3243 (ιο.
1055 3182 1093 3242 ιι)
1105 3196 1166 3245 pos-

307 3258 448 3307 sessionem
464 3260 495 3317 R,
514 3260 676 3322 professione
698 3262 725 3307 V.
760 3261 810 3322 (rr)
828 3262 861 3310 itu
877 3262 932 3319 CR,
958 3261 999 3309 ilia
1016 3263 1079 3310 GM.
1114 3250 1165 3311 νο)1

309 3347 335 3386 ιιι
351 3340 381 3387 R.
418 3339 679 3400 (12)imutationeC,
700 3341 863 3390 imitationem
885 3344 913 3389 V.
948 3357 1017 3405 pers.
1034 3351 1060 3391 tu
1072 3344 1167 3392 clarior

308 3419 436 3478 insonus
453 3421 484 3467 R.
521 3420 570 3483 (13)
587 3421 655 3481 vitae}
666 3420 689 3467 in
700 3420 768 3468 teitu
786 3422 817 3469 R.
853 3435 963 3484 magram
975 3424 1004 3476 C,
1040 3423 1163 3484 ingraM.

309 3497 357 3554 (143
378 3499 516 3557 germinant
535 3500 573 3557 M,
592 3501 700 3562 geminat
719 3502 749 3549 R.
793 3501 856 3566 hyst.
874 3501 920 3550 CR
977 3501 1026 3564 (ις)
1042 3501 1121 3563 Quod
1136 3504 1163 3554 V.

309 3578 389 3627 ceteri
407 3592 456 3627 non
472 3579 563 3627 nerunt
580 3581 612 3629 R.
