2850 4694
629 568 761 618 cxxxiii

179 724 182 731 '
266 722 357 772 celum
373 719 491 772 leudibus
513 721 696 773 emollissent·
714 721 768 772 Sed
784 721 856 785 quod
874 721 898 771 ln
915 722 1064 785 prelatione
1083 722 1122 773 eis

267 803 343 853 lecte
358 802 475 864 epistolis
491 814 551 863 que
566 815 591 851 e
606 803 693 862 secde
704 801 737 853 G.
750 802 778 850 Β.
791 802 886 853 Bienco
897 802 976 853 edite
986 810 1045 852 suot
1055 814 1121 866 pre·

266 882 367 932 missum
378 882 478 946 legitur,
493 884 604 932 verone
615 883 638 932 in
656 882 782 932 tebulerio
793 882 892 932 lemiliae
905 883 1044 946 Nogerolee
1060 897 1123 932 non-

267 963 334 1012 nulle
348 962 434 1013 edbuc
450 971 539 1012 extere
557 963 634 1012 leotre
650 963 760 1013 cermine
778 963 866 1012 utine
883 971 909 1012 et
926 963 1012 1014 ltelice
1027 964 1122 1026 scripte

266 1041 409 1104 (el’oteessi
425 1042 479 1092 lere
490 1068 518 1079 -
528 1041 617 1092 diressi
627 1068 654 1079 -
664 1056 713 1092 une
729 1056 805 1092 meno
822 1042 910 1100 breve.
930 1056 947 1092 o
964 1042 1007 1105 piit
1023 1043 1119 1092 veriele

266 1122 377 1173 recoolte
393 1122 543 1185 scegllendo
559 1122 596 1171 ire
607 1122 640 1185 gli
651 1122 731 1172 scritti
745 1120 888 1171 dell'lsotte
899 1121 1018 1183 decenti,
1033 1122 1057 1171 l'n
1068 1124 1117 1173 cbe

266 1215 316 1264 pur
337 1215 383 1252 ere
406 1203 516 1251 veiente.
542 1202 659 1252 Poteessi
681 1202 807 1266 scegiiere
824 1201 887 1251 inlre
903 1203 988 1264 questi
1005 1202 1012 1251 i
1028 1203 1118 1253 detteti

267 1282 414 1333 neil'itelico
425 1282 519 1333 idiome
529 1296 545 1332 e
556 1283 730 1333 testimoniare
741 1282 796 1333 cosi
808 1283 824 1331 il
836 1282 944 1345 duplice
955 1292 1040 1332 merto
1056 1282 1123 1333 delle

265 1375 392 1413 veronese
416 1362 568 1426 scrittricee)
590 1362 746 1412 lelsissimum
770 1365 820 1414 boc
843 1376 902 1412 esse
931 1363 1057 1412 certiores
1074 1375 1121 1413 nos

265 1443 326 1494 lecit
344 1444 471 1506 loseplius
499 1443 622 1506 Biedego
643 1443 810 1493 Bibliothecae
829 1442 912 1492 Urbis
928 1444 1039 1493 Veronee
1056 1456 1123 1506 pre·

265 1523 348 1574 lectus
359 1522 537 1573 docfissim:
551 1525 643 1572 soevo
654 1523 737 1585 primo
749 1524 867 1572 metterlo
879 1523 902 1570 in
915 1522 1021 1586 guerdie
1032 1529 1122 1572 contre

265 1607 289 1654 le
305 1604 397 1654 notizie
414 1603 476 1653 ieise
493 1605 542 1653 clie
558 1616 624 1652 sono
641 1612 707 1652 stete
718 1611 851 1666 stempete,
865 1603 919 1652 cosi
931 1616 980 1665 per
991 1603 1122 1666 pieggerie

264 1683 395 1745 (l’editore
419 1697 468 1733 oon
491 1697 575 1747 seppe
592 1683 664 1733 dirrni
680 1682 756 1744 eltro)
781 1685 847 1732 nelle
871 1685 963 1733 lettere
978 1684 1027 1733 che
1044 1696 1121 1733 serve

264 1763 290 1813 di
306 1763 453 1826 prelezione
469 1799 476 1812 .
495 1799 502 1811 .
521 1799 528 1810 .
548 1764 574 1812 ln
591 1772 687 1825 queste
704 1765 793 1826 perole
811 1777 861 1812 non
872 1763 915 1812 c'e
928 1765 998 1813 nullo
1009 1761 1118 1813 divero.

266 1845 325 1893 Non
349 1843 463 1906 poteessi
487 1843 524 1892 ier
540 1845 610 1892 nulle
627 1844 725 1905 porcile
743 1857 792 1893 oon
809 1844 882 1893 c'ere
898 1843 1079 1893 nellltrcnivlo
1094 1843 1120 1893 di

268 1923 382 1988 inmigiie.
401 1924 481 1974 C'ere
498 1937 530 1972 un
549 1924 642 1974 codice
659 1932 720 1973 cert.
739 1925 887 1986 dell'epoce
903 1932 1058 1973 contenente
1075 1925 1121 1973 lel-

267 2012 331 2062 tere,
349 2003 391 2053 del
415 2005 475 2065 quel
491 2002 584 2053 lurono
600 2005 682 2054 scelte
698 2011 792 2065 queste
809 2002 965 2065 pubblicum,
984 2017 1024 2052 me
1039 2003 1121 2054 encbe

265 2090 360 2144 questo
383 2082 476 2133 codice
492 2096 543 2133 non
564 2082 606 2133 c'b
623 2082 691 2146 plu..
711 2083 789 2132 Etiem
807 2083 900 2132 Petrus
916 2082 1059 2146 Sgulmero‚
1077 2083 1121 2145 qui

265 2176 352 2211 mense
375 2165 492 2226 Augusto
514 2175 538 2211 e.
568 2162 625 2225 ¹3⁸5
646 2176 771 2212 unacum
788 2162 884 2225 Cerolo
901 2162 1003 2212 comite
1020 2161 1121 2225 Clpolle

265 2241 414 2291 lebulerium
438 2241 536 2291 lemilie
562 2243 703 2305 Nogerolre
728 2250 905 2304 perscrutatus
930 2250 978 2301 est,
1004 2242 1118 2304 quode.

268 2323 326 2371 1⁸82
349 2336 382 2372 ne
405 2323 497 2373 iterum
513 2323 616 2373 litbesie
643 2321 808 2372 inundatione
832 2320 1011 2372 devastaretur
1027 2322 1051 2371 in
1070 2322 1118 2372 Ce-

266 2411 345 2452 strum
367 2403 457 2452 Aezeni
474 2405 620 2454 tremletum
637 2410 685 2462 est,
703 2402 830 2452 certiores
853 2415 901 2451 nos
923 2403 984 2452 lecit
1008 2403 1071 2452 «che
1096 2402 1120 2450 io

267 2496 327 2533 esso
350 2497 400 2533 non
422 2484 443 2532 si
468 2492 575 2533 troveno
600 2483 746 2533 documenti
763 2483 860 2532 relativi
876 2484 925 2532 elle
942 2484 1020 2533 lsotte
1036 2497 1053 2532 o
1070 2484 1119 2533 cbe

267 2563 471 2614 indirettemente
498 2576 609 2626 posseno
636 2563 762 2613 illustrere
789 2565 813 2612 le
838 2563 890 2612 vite
915 2562 983 2613 delle
1013 2562 1120 2614 celebre

267 2642 375 2694 donne..
890 2657 896 2661 “

319 2729 344 2768 7⁰
368 2723 483 2787 Agostini
511 2722 541 2785 (l.
570 2738 596 2786 p.
629 2724 681 2786 105)
711 2725 775 2772 hene
802 2722 936 2785 epistolem
964 2724 1120 2786 peculiarem

268 2802 390 2854 Ludosici
414 2804 550 2854 Fuscereni
568 2802 617 2852 ede
633 2802 751 2853 leudibus
776 2804 852 2853 lsotae
877 2803 1030 2867 Nogerolaee
1049 2804 1120 2854 libel·

268 2886 318 2933 lum
328 2896 389 2934 esse
405 2882 524 2943 credidit,
536 2884 580 2945 qui
598 2896 646 2945 per
657 2896 772 2933 errorem
789 2891 883 2932 tentum
900 2883 923 2931 in
935 2883 992 2933 eius
1002 2883 1120 2934 codicem

268 2966 432 3028 epistolarem
443 2965 526 3014 illetus
537 2972 608 3014 esset
619 2963 640 3026 (r
646 2966 690 3013 Me
701 2977 750 3026 per
759 2973 861 3013 tornere
872 2965 896 3013 ei
908 2964 1018 3025 Codice,
1031 2978 1120 3015 neces-

267 3045 335 3094 serio
350 3043 367 3094 ό
383 3057 399 3093 e
413 3043 523 3107 sepersi‚
540 3045 590 3094 cite
607 3044 630 3092 in
647 3042 727 3093 iondo
742 3043 776 3093 ed
792 3057 854 3094 esso
868 3045 892 3092 vi
910 3043 926 3094 ὲ
943 3045 1070 3094 innesteto
1087 3059 1119 3094 un

267 3123 404 3187 Opueculo
425 3124 469 3174 del
492 3124 635 3176 medesimo
658 3123 786 3175 Foscerini
809 3138 858 3174 con
875 3124 891 3173 il
908 3125 990 3184 titolo,
1009 3126 1058 3174 che
1074 3126 1119 3186 qul

267 3204 373 3268 eiegue:
396 3202 508 3255 udone
530 3203 653 3254 herodot*
672 3205 715 3254 etc.
732 3204 762 3254 de
777 3203 888 3254 leudibus
904 3206 973 3254 leolae
983 3203 1117 3268 Nogomim

268 3296 317 3335 cun
341 3286 365 3333 le
381 3285 466 3348 giunte
484 3282 510 3334 di
527 3285 589 3333 ΧΧ.
607 3297 655 3334 suo
681 3285 774 3334 lettere
799 3286 849 3333 elle
863 3292 947 3333 stesso
964 3283 1118 3346 indiretter).

267 3364 320 3415 &d
352 3377 415 3427 que
446 3365 470 3413 in
497 3365 591 3415 codice
617 3365 736 3428 epistole
764 3364 953 3427 inscriptionem
984 3362 1120 3425 (rLudovi-

267 3457 313 3495 cus
340 3445 502 3496 Fuscereous
531 3446 619 3495 Ysotse
653 3444 818 3509 Nogerolaerl
843 3444 995 3507 precedunt
1024 3444 1122 3494 verbe:

269 3526 327 3576 «De
342 3523 462 3575 leudibus
478 3525 566 3575 Ysotre
583 3525 735 3588 Nogeroloee
753 3531 847 3574 unium
869 3531 1045 3587 tegumentum
1067 3525 1122 3586 epi-
