2850 4694
897 575 950 630 ¹44

497 750 561 822 pro
579 750 634 798 me
659 727 786 816 sistam,
814 726 869 800 cui
895 727 922 800 si
949 725 1126 799 litterarias
1151 727 1355 822 expostula·

497 840 608 914 tiones
634 842 808 932 detuleris,
836 843 956 916 nescio
986 842 1068 938 quid
1096 840 1212 915 lacere
1238 842 1355 938 possis

497 955 687 1032 iocundius.
716 958 750 1032 Si
768 983 851 1032 vero
869 958 988 1032 laudes
1010 973 1095 1046 tuas,
1115 973 1150 1030 ut
1168 955 1212 1028 illi
1230 958 1355 1030 volue-

497 1087 581 1161 rant,
601 1099 668 1145 non
690 1073 797 1172 attigi,
818 1091 891 1147 utra
908 1074 953 1147 de
971 1075 1040 1146 hoc
1067 1072 1098 1145 in
1127 1088 1223 1169 parte
1240 1073 1352 1162 voles,

471 1179 756 1286 sconquiescito:
782 1191 835 1262 vel
853 1187 1141 1285 occupationibus
1160 1186 1241 1260 illud
1266 1187 1353 1260 meis

497 1304 681 1401 assignato,
708 1305 766 1400 qui
792 1304 944 1377 externis
969 1302 1089 1378 studiis
1115 1302 1264 1376 intentus
1287 1302 1353 1375 do-

498 1419 639 1493 mestica
664 1422 756 1492 velut
781 1422 909 1517 hospes
940 1433 1125 1517 pertract0,
1143 1419 1197 1490 vel
1216 1416 1351 1490 illorum

497 1534 706 1632 diligentiam
740 1535 919 1624 admirare,
951 1533 1008 1630 qui
1044 1558 1122 1606 cum
1156 1534 1234 1606 haec
1265 1549 1352 1604 tam-

498 1675 599 1748 quam
619 1650 715 1747 primi
734 1668 978 1747 occupassent.
992 1650 1083 1724 adeo
1096 1648 1350 1733 auctoritatem,

456 1797 484 1832 10
497 1767 590 1841 addo
615 1767 717 1839 etiam
744 1784 780 1840 et
801 1767 977 1840 caritatem
1004 1782 1081 1839 sunt
1107 1764 1296 1863 prosecuti,
1317 1782 1352 1837 ut

498 1883 579 1954 nihil
590 1882 806 1978 reliquiarum
821 1881 946 1954 ceteris
964 1880 1180 1954 servaverint.
1201 1880 1235 1953 Si
1253 1905 1351 1967 ver0,

497 1998 592 2095 quod
611 1998 752 2095 pudoris
771 1998 837 2071 mei
863 1998 992 2071 iactura
1018 1997 1135 2071 amicis
1162 1999 1352 2069 obsecutus

496 2115 571 2203 sim,
585 2114 737 2187 ollicium
753 2139 865 2186 meum
888 2131 945 2185 aut
968 2113 1130 2210 pietatem
1150 2112 1352 2208 probaveris

498 2255 630 2302 —nam
646 2228 770 2326 ingenii
788 2245 824 2301 et
841 2228 1036 2318 litterarum,
1048 2253 1126 2325 quae
1140 2253 1160 2300 a
1174 2252 1228 2299 me
1239 2229 1351 2311 abest,

454 2344 631 2423 ulaudem
663 2370 732 2416 non
763 2369 882 2441 quaero
910 2385 954 2395 —
984 2343 1109 2441 gratius
1140 2358 1237 2415 certe
1268 2343 1350 2416 nihil

497 2460 605 2534 luerit.
639 2460 736 2560 Quid
763 2460 853 2532 enim
881 2476 997 2556 potest
1022 2483 1099 2531 esse
1119 2458 1225 2530 maius
1245 2483 1349 2553 quam

496 2577 622 2651 lactum
641 2578 709 2649 hoc
736 2602 848 2649 meum
875 2578 928 2648 vel
946 2601 966 2648 a
984 2592 1030 2663 te,
1048 2599 1127 2670 quae
1146 2572 1352 2670 probissima

495 2692 552 2781 sis,
563 2691 699 2789 probari
718 2709 764 2780 et,
784 2716 863 2788 quae
872 2690 1082 2778 doctissima,
1093 2688 1196 2761 etiam
1207 2688 1348 2762 laudari.

542 2975 576 3038 (1)
593 2975 613 3023 si
631 2987 682 3038 ego
698 2974 795 3023 litteras
807 2974 837 3033 C,
857 2973 889 3022 sit
907 2972 1034 3022 literarius
1055 2974 1087 3031 G,
1111 2972 1143 3019 sit
1166 2972 1296 3020 litterauas
1309 2973 1348 3021 Μ.

495 3054 529 3118 (ι)
554 3062 643 3118 posset
669 3055 706 3103 Μ.
749 3052 782 3117 (4)
807 3053 893 3116 attingi
912 3054 945 3102 G.
988 3061 1097 3114 utraque
1114 3051 1144 3100 C.
1180 3051 1214 3114 (ς)
1232 3064 1348 3113 conque-

495 3136 561 3184 scito
581 3136 608 3182 V.
650 3134 674 3182 id
692 3134 754 3182 meis
772 3134 828 3182 CG.
871 3132 905 3195 (6)
922 3133 1019 3194 queG
1054 3131 1170 3179 interitus
1190 3132 1217 3179 V.
1253 3129 1287 3194 (7)
1304 3147 1349 3180 vc·

495 3214 539 3264 lud
549 3217 581 3264 G.
612 3223 744 3277 protracto
756 3215 783 3261 V.
813 3213 846 3275 (8)
855 3212 973 3261 admirari
984 3214 1016 3261 G.
1037 3213 1085 3260 hec
1104 3209 1278 3272 cumfllcum
1287 3212 1346 3260 add.

496 3309 526 3343 m.
547 3296 578 3358 2).
613 3294 646 3358 (9)
663 3295 815 3343 auctoritate
833 3293 886 3352 CV,
905 3301 990 3342 autem
1009 3293 1072 3342 GM.
1107 3290 1157 3353 (ιο)
1175 3289 1244 3339 adeo
1256 3291 1346 3341 CGM.

495 3375 647 3438 persequuti
673 3374 702 3434 C,
730 3374 861 3436 persecuti
878 3373 916 3422 M.
951 3372 1000 3435 (ιι)
1018 3372 1092 3420 nichil
1110 3371 1140 3429 C,
1160 3371 1205 3419 nisi
1227 3371 1254 3419 V.
1291 3372 1349 3419 reli-

496 3455 614 3516 quiorum
632 3455 670 3513 M,
693 3454 846 3514 reliquarum
865 3454 892 3501 V.
927 3459 1092 3501 servaverunt
1110 3449 1198 3515 CGli).
1234 3449 1284 3513 (12)
1301 3451 1349 3500 ob·

496 3543 604 3596 sequtus
621 3535 653 3583 G.
688 3532 738 3596 (13)
756 3533 851 3594 pietate
868 3532 935 3580 codd.
970 3533 1019 3596 (ις)
1037 3533 1112 3581 nichil
1130 3532 1160 3590 C,
1179 3531 1225 3578 nisi
1246 3531 1273 3579 V.
