2850 4694
839 615 910 661 CUV

450 767 603 819 rLeonerdo
620 768 751 832 Nogerote
766 770 886 831 sepeliito
903 769 926 817 in
944 769 969 817 S.
988 768 1123 818 Clemente
1140 767 1174 817 ed
1191 769 1302 817 Antonio

447 848 548 898 [retello
564 848 695 898 d’isottn.
714 847 782 910 Quae
799 862 857 898 nunt
875 856 947 898 recte
964 861 993 897 se
1010 848 1128 905 habeant,
1147 847 1245 910 ignoro.

495 928 580 978 Unum
595 926 680 977 edituo
697 936 785 987 restet,
804 936 830 977 ut
846 928 941 989 quibus
963 928 1023 977 ertis
1039 928 1208 977 monumentis
1227 929 1302 977 {sote

446 1007 530 1071 inungo
545 1008 620 1057 nobis
636 1005 727 1057 tradite
744 1007 775 1056 sit
797 1019 931 1069 exponent.
949 1006 1011 1054 Tria
1028 1006 1103 1069 igitur
1115 1007 1188 1055 nobis
1199 1007 1302 1069 cognite

446 1095 512 1137 sunt.
542 1088 662 1145 Primum,
690 1100 723 1136 ex
749 1100 804 1147 quo
831 1087 951 1136 iacobum
969 1086 1113 1148 Philippum
1138 1087 1301 1135 Tomasinum

446 1168 471 1216 in
495 1167 604 1231 ratogtts
619 1167 729 1217 virorum
747 1167 827 1216 literis
852 1174 879 1215 et
890 1167 1014 1228 sepientis
1037 1167 1183 1215 illustrium·
1196 1166 1302 1230 (Patavii

448 1247 518 1310 ¹⁶4⁴)
527 1249 603 1297 lsotoe
611 1248 742 1310 imaginem
752 1260 865 1296 unacum
876 1248 981 1309 Angeias
990 1246 1130 1310 Nogurotae
1137 1247 1243 1310 imagine
1251 1248 1302 1296 iee-

445 1326 545 1377 ioribur
569 1325 734 1389 spectendnnt
761 1326 931 1389 proposuisse
957 1327 1082 1388 suspicor,
1112 1340 1168 1376 cum
1196 1328 1301 1390 Angeiae

445 1414 472 1457 et
499 1407 576 1456 ieotn
601 1406 723 1469 insegines
746 1419 796 1456 non
820 1404 943 1455 mediocri
966 1404 1052 1456 studio
1078 1419 1094 1454 e
1121 1406 1248 1455 nobilibus
1264 1406 1301 1455 de

447 1486 584 1549 Nogerolis
617 1486 773 1548 conquisitos
801 1486 825 1534 in
853 1488 935 1534 lucent
962 1499 992 1534 se
1019 1486 1138 1549 proferre
1177 1495 1295 1546 testetur,

445 1567 510 1615 inter
525 1567 632 1616 eliorum
648 1565 813 1629 plurimorum
831 1565 1017 1627 Nogntoierutn
1035 1566 1155 1629 imagines
1166 1567 1189 1614 in
1203 1568 1300 1616 Castro

444 1647 536 1696 Amni
559 1654 712 1696 esservetur.
739 1647 782 1695 De
809 1659 864 1707 quo
888 1647 943 1695 itaec
968 1646 1025 1694 mihi
1050 1647 1144 1696 Petrus
1166 1647 1301 1710 Sgutnrero

445 1727 563 1789 scripsit:
588 1726 679 1775 «Nelle
702 1727 755 1776 sule
776 1728 800 1775 et
823 1727 899 1787 pieno
915 1725 1002 1775 nobile
1018 1725 1045 1774 di
1061 1728 1122 1788 quel
1139 1729 1241 1789 palazzo
1256 1728 1301 1776 eb-

445 1807 529 1857 bietno
545 1806 642 1856 reduto
667 1820 717 1855 une
733 1805 829 1869 grande
845 1806 948 1868 pitture,
967 1820 996 1855 su
1014 1809 1073 1866 teis,
1092 1806 1117 1855 di
1135 1807 1213 1856 formo
1240 1821 1301 1869 que·

445 1885 499 1946 un,
518 1894 731 1949 reppresentente
744 1887 823 1936 isotte
835 1886 974 1950 Nogerottu
987 1900 1002 1936 tt
1014 1901 1098 1936 mezzo
1109 1888 1195 1950 figure,
1208 1889 1301 1936 vestite

444 1965 472 2015 di
487 1980 561 2026 nero,
585 1965 694 2016 sedente
712 1980 728 2015 e
745 1967 827 2016 veiettt
843 1967 906 2026 cosi,
925 1967 974 2017 che
991 1967 1007 2015 it
1024 1969 1101 2029 lungo
1117 1969 1176 2016 velo
1193 1970 1217 2016 le
1233 1967 1299 2016 cede

444 2048 510 2097 suile
532 2048 622 2110 speile.
650 2048 668 2096 tt
685 2048 785 2097 ritmtto
801 2049 903 2098 sembre
919 2048 1038 2111 eseguito
1054 2056 1094 2096 tre
1110 2048 1125 2095 ii
1142 2047 1239 2097 cedere
1255 2047 1299 2096 del

444 2128 536 2176 seooio
553 2127 622 2175 xvi
647 2140 663 2175 e
688 2127 704 2175 tt
723 2134 849 2190 seguente
865 2128 956 2177 secolo
973 2141 988 2177 e
1006 2124 1059 2189 pub
1076 2141 1166 2175 essere
1183 2128 1257 2189 copia
1274 2128 1300 2176 di

445 2207 544 2257 ritretto
567 2207 610 2269 piu
635 2207 728 2257 entico.
754 2208 795 2256 He
819 2220 851 2256 un
874 2221 938 2256 vero
960 2208 1048 2256 valore
1069 2207 1190 2265 mistico,
1210 2221 1226 2255 e
1243 2208 1298 2256 cosi

445 2287 487 2336 nei
510 2285 627 2351 disegno,
652 2299 728 2337 come
751 2289 792 2336 net
815 2286 926 2336 ootorito
949 2284 1071 2335 dimostre
1093 2288 1142 2335 che
1165 2287 1181 2334 it
1204 2288 1299 2348 pittore

445 2367 562 2416 levorevtt
578 2379 627 2415 con
644 2365 792 2415 freneticus
808 2379 824 2415 e
841 2378 890 2415 con
907 2364 1002 2429 vigoris
1017 2364 1105 2414 ordita.
1133 2367 1177 2414 Sul
1195 2367 1296 2428 quadro

444 2453 530 2494 stesso
546 2446 567 2494 si
584 2447 663 2508 iege:

684 2535 760 2574 trore
774 2536 849 2575 oott:
866 2535 899 2574 οι
914 2535 1060 2575 nouenotte

761 2598 922 2649 nortrocvtt
941 2598 988 2636 ur

674 2660 789 2699 ttotuevs
804 2661 837 2699 ert
853 2660 971 2699 totunm
987 2661 1070 2700 rutott

818 2723 912 2762 tumr

801 2786 945 2825 recount.»

445 2924 529 2987 Quem
545 2923 676 2987 imginent
691 2923 735 2986 qui
749 2924 893 2975 accuratius
901 2937 1063 2988 cognoscere
1080 2926 1139 2975 velit
1155 2925 1232 2975 edent
1245 2926 1298 2974 tulii

443 3005 548 3056 Sertorii
556 3004 818 3067 pictorisveronenris
827 3006 917 3056 librum
926 3006 1296 3068 quieProtnoteceVeronesei

443 3084 589 3135 inscribitur
612 3083 733 3147 (veronis
760 3085 837 3149 1883).
865 3083 942 3144 unde,
961 3099 1010 3134 une
1032 3087 1175 3136 cuntisotae
1199 3087 1248 3134 vito
1264 3085 1298 3133 ab

444 3164 553 3215 trebette
569 3164 705 3214 Comitisse
720 3164 903 3226 Soopoii-Biesi
926 3164 1065 3226 descripte,
1084 3163 1219 3227 desumpto
1234 3165 1298 3212 acris

444 3245 552 3305 publicis
560 3245 612 3293 ebo
623 3243 729 3294 Ronder
747 3257 807 3306 ques
817 3252 1025 3306 ocuvoquoque
1041 3241 1085 3292 die
1094 3244 1207 3292 Veronte
1218 3243 1298 3291 edun·

444 3334 488 3375 tur
510 3324 590 3387 (1884,
615 3325 685 3374 tttv.
710 3324 793 3388 Sept.)
817 3325 911 3374 inserte
935 3332 983 3374 est.
1009 3325 1088 3373 Etienr
1110 3323 1134 3372 in
1150 3323 1222 3372 celiis
1238 3322 1297 3370 sub-

444 3404 571 3454 temneis
606 3404 773 3454 Bibliothecae
807 3404 984 3454 Universitetis
1019 3402 1186 3452 Bononiensis
1212 3410 1296 3451 extant

445 3483 523 3533 leuto
545 3490 572 3532 et
585 3486 690 3547 Angelos
706 3484 827 3547 imagines
843 3482 929 3546 (lsotae
946 3483 1077 3547 imaginent
1094 3482 1143 3532 sibi
1158 3480 1298 3545 depingen-

445 3562 504 3612 den
525 3563 622 3613 curavit
637 3563 783 3614 Alexander
799 3563 895 3613 comer
905 3562 1035 3627 Apponyi)
1050 3575 1115 3625 quer
1131 3563 1175 3624 qui
1192 3562 1297 3612 eosdem
