2850 4694
682 633 721 694 47

278 799 347 856 tum
373 800 454 856 ate
480 809 557 858 esse
582 786 737 860 arbitror.
766 790 860 887 Quae
882 803 975 861 tanta
1000 804 1063 879 est,
1090 805 1127 861 ut

277 915 312 972 te
353 923 413 974 eas
455 901 604 999 benigne
646 903 809 1000 accipere
851 928 920 977 non
959 902 1124 994 dubitem,

275 1018 498 1089 Artaxerxem
541 1042 657 1115 regem
703 1022 883 1093 Persarum
927 1019 1124 1110 imitantem,

276 1156 347 1229 quo
389 1131 632 1207 deambulandi
664 1134 774 1232 gratia
806 1135 1002 1233 equitante,
1045 1159 1123 1209 cum

275 1246 536 1344 homoquidam
554 1249 732 1324 vilissimus
752 1267 789 1323 et
809 1250 1043 1348 pauperrimus
1061 1253 1125 1323 ob-
1157 1280 1165 1334 ς

274 1361 361 1469 viam
388 1360 419 1436 ei
447 1363 557 1439 sactus
586 1381 680 1439 esset
712 1363 799 1461 (mos
833 1383 906 1439 erat
943 1368 1123 1439 Persarum

274 1503 390 1576 regem
405 1503 484 1553 cum
511 1506 652 1555 munere
677 1481 835 1578 salutare)
857 1506 981 1578 aquam
1007 1484 1124 1556 amba-

275 1595 336 1668 bus
367 1595 522 1671 manibus
555 1621 576 1670 e
614 1597 716 1670 fluvio
746 1613 928 1694 acceptam
959 1597 1121 1693 porrexit.

274 1711 354 1784 Rex
388 1711 538 1786 iocunde
573 1738 693 1786 munus
726 1713 866 1810 accepit
907 1728 943 1786 et
975 1712 1121 1801 subrisit,

272 1826 646 1926 promptitudinemque
672 1827 783 1901 dantis
800 1828 913 1925 potius
931 1852 1032 1925 quam
1052 1852 1123 1900 ma·
1138 1857 1168 1895 ιο

270 1941 483 2039 gnitudinem
510 1942 580 2017 dati
607 1967 814 2017 mensurans.
844 1941 963 2015 Eidem
981 1942 1030 2014 vir
1047 1943 1122 2040 qui·

271 2057 349 2132 dam
359 2083 490 2156 egenus
499 2061 623 2132 malum
633 2058 874 2155 pulcherrimae
884 2057 1121 2155 magnitudinis

271 2173 420 2248 donavit.
440 2175 513 2275 Qui
532 2174 681 2271 benigne
698 2173 896 2272 accipiens:
920 2177 988 2248 Per
1005 2174 1119 2265 deum,

269 2288 389 2388 inquit,
416 2291 443 2365 is
467 2291 546 2363 milri
572 2290 706 2364 videtur
730 2306 767 2362 et
792 2289 962 2363 civitatem
980 2315 1118 2387 parvam

268 2405 332 2480 sibi
358 2406 471 2480 datam
498 2432 655 2505 magnam
681 2429 791 2503 opera
815 2422 851 2479 et
868 2404 1042 2503 diligentia
1058 2430 1120 2478 sua
1136 2435 1161 2486 ις

269 2521 385 2597 lacere
403 2548 517 2620 posse.
537 2526 621 2624 Qua
637 2548 681 2596 ex
699 2549 737 2596 re
754 2539 847 2597 tanta
863 2520 1052 2621 cupiditate
1070 2521 1119 2594 in·

312 2789 347 2854 (t)
371 2790 613 2840 ateeaseom.C
647 2788 787 2852 (alteom.
807 2791 841 2838 H.
876 2789 996 2838 haaGM.
1030 2789 1119 2850 (tlar-

266 2878 393 2920 taxersem
407 2870 486 2930 CFH,
508 2871 681 2919 artbaxeraem
696 2871 729 2929 G,
760 2877 916 2918 artaxessem
932 2871 959 2928 Ρ,
977 2869 1118 2918 artbaxers-

266 2965 321 3001 aem
341 2953 368 2999 V.
402 2952 426 3000 R
441 2950 522 3000 ommia
538 2949 593 2999 inde
607 2949 807 2999 abramomt'nd.
842 2963 929 3012 regem
941 2951 1008 2997 illum
1021 2950 1050 2997 P.
1060 2951 1115 2997 PH.

267 3031 440 3080 immittentem
464 3032 514 3090 ΟΡ,
541 3031 703 3079 ῐωπιὶιεηιειη
728 3033 763 3079 Η.
797 3029 831 3093 (4)
854 3030 999 3079 ambulandi
1016 3031 1042 3077 Ρ.
1077 3044 1114 3092 gr.

266 3120 331 3175 puto
355 3113 435 3174 equit.
463 3113 495 3161 G.
530 3113 686 3172 equitantem
709 3113 744 3171 Η,
769 3112 891 3172 aequitate
921 3113 946 3159 V.
981 3123 1059 3171 quem
1086 3111 1114 3159 F.

266 3193 300 3255 (ς)
311 3193 477 3255 pauperimus
494 3191 569 3240 CFV.
604 3189 638 3252 (6)
655 3206 686 3239 m.
705 3192 772 3239 enim
789 3199 843 3238 erat
862 3193 889 3238 V.
924 3189 959 3253 (7)
972 3191 1074 3239 salutari
1090 3192 1119 3241 H

263 3275 319 3336 poti
333 3286 390 3322 corr.
426 3274 458 3336 (7.
476 3271 500 3334 8)
516 3285 576 3333 aqu.
594 3272 726 3320 ambulans
742 3271 808 3319 amb.
831 3271 887 3328 CG,
903 3285 994 3331 aquam
1004 3271 1116 3320 bamlans

265 3353 331 3401 amb.
351 3355 388 3412 Μ,
401 3354 532 3402 ambulans
547 3367 640 3414 aquam
651 3353 717 3400 amb.
734 3354 759 3398 V.
795 3352 829 3413 (8)
840 3365 855 3399 a
868 3352 891 3399 fl.
905 3354 942 3401 M.
978 3351 1012 3412 (9)
1024 3353 1073 3400 luc.
1085 3352 1112 3400 F.

264 3433 413 3483 subnixitP.
458 3433 630 3497 (rolprontit.
655 3433 682 3492 F,
712 3433 956 3495 promptitudinem?
996 3433 1063 3480 danti
1085 3434 1112 3481 F.

264 3512 422 3577 (ttldatoF.
457 3513 506 3578 (ιι)
514 3514 670 3577 pulcerrime
681 3514 769 3562 CGM.
788 3514 953 3562 multitudinis
965 3513 992 3562 1⁷.
1012 3513 1061 3574 (14)
1072 3514 1114 3560 im·

264 3594 356 3660 quite
388 3595 475 3645 hiiac
509 3593 700 3660 (rtlmagnaH.
727 3594 1111 3662 (inquitatatnruonla
