2850 4694
613 922 796 994 xxxvii.

353 1231 486 1291 (Veneriis.
501 1243 589 1278 mense
607 1230 749 1279 Februario
763 1232 803 1279 vei
822 1231 916 1279 Martio
930 1245 952 1278 a.
974 1231 1053 1291 1439.)

276 1511 364 1582 lsota
378 1507 546 1605 Nagaroia
560 1506 742 1581 doctissimo
755 1506 821 1581 viro
834 1507 1005 1582 Dammno
1023 1514 1128 1606 Burgi)

625 1626 657 1696 S.
679 1627 725 1696 D.
746 1627 783 1697 P.

273 1921 562 2271 fflmoa
589 1935 750 2031 quotiens
775 1933 820 2009 ad
847 1951 881 2008 te
903 1934 1150 2014 scribendumr

478 2066 541 2134 est,
569 2070 637 2123 tum
673 2051 754 2146 quia
782 2075 861 2124 cum
893 2050 1020 2124 litteras
1051 2068 1124 2126 tuas

477 2165 614 2263 accipio
640 2191 795 2264 magnam
825 2166 911 2239 inter
937 2166 1122 2264 legendum

272 2281 482 2377 voluptatem
498 2281 605 2378 ipsum
621 2281 760 2355 dicendi
777 2307 887 2379 genus
904 2298 939 2355 et
957 2282 1070 2357 verbis
1087 2300 1123 2357 et

271 2395 447 2470 sententiis
465 2413 619 2470 ornatum
639 2397 747 2484 affert,
763 2413 832 2470 tum
852 2398 932 2495 quia
950 2423 1122 2495 nunquam

272 2526 384 2584 tantus
406 2537 529 2585 maeror
553 2529 701 2585 mentem
721 2512 850 2599 invasit,
870 2512 963 2610 quin,
982 2538 1060 2587 cum
1078 2513 1122 2587 ad
1139 2542 1169 2579 10

271 2641 306 2700 te
318 2626 446 2715 scribo,
460 2627 505 2701 de
523 2644 557 2701 te
571 2628 701 2726 cogito,
717 2653 785 2702 non
804 2627 905 2702 sacile
922 2629 1124 2726 acquiescat
1143 2680 1148 2689 ·

269 2758 306 2815 et
331 2742 528 2817 reviviscam
554 2761 591 2817 et
616 2743 781 2841 mihiipsi
805 2743 940 2818 reddita
968 2744 1121 2843 denique

268 2856 395 2932 videar.
420 2862 504 2960 Qua
520 2885 564 2933 ex
584 2885 619 2933 re
638 2885 682 2934 ne
700 2859 898 2934 dulcissimo
916 2877 1048 2935 tuarum
1069 2860 1121 2934 lit·

268 2990 413 3048 terarum
449 3000 608 3050 sermone
639 2976 761 3073 priver,
792 2976 840 3050 do
870 2976 930 3050 tibi
962 2977 1119 3074 promissi

313 3255 347 3318 (ς)
365 3271 462 3320 nogara
479 3259 510 3307 R.
552 3259 676 3307 Damiano
692 3260 778 3322 Burgo
800 3260 856 3309 viro
878 3259 948 3309 doct.
970 3262 998 3308 Α.
1034 3261 1121 3323 Burgo

265 3349 311 3384 om.
330 3338 362 3386 R.
398 3338 431 3400 (4)
454 3339 560 3387 salutem
584 3338 645 3387 dicit
662 3339 794 3400 plurimam
812 3341 840 3387 Α.
875 3337 909 3400 (ς)
922 3340 1005 3388 lector
1019 3341 1050 3389 R.
1085 3341 1119 3404 (ό)

265 3429 322 3464 cum
344 3431 390 3465 om.
409 3419 441 3467 R.
475 3417 509 3478 (7)
530 3418 738 3481 interiegendiA.
773 3416 806 3478 (9)
824 3427 884 3467 tunc
896 3420 927 3468 R.
962 3417 1012 3479 (ro)
1027 3420 1070 3481 qui
1086 3421 1118 3469 R.

265 3494 315 3556 (ra)
341 3497 497 3546 reminiscam
520 3500 549 3546 A.
592 3497 675 3547 redita
701 3499 732 3547 R.
776 3499 824 3561 (η.
847 3496 884 3558 ¹⁴)
908 3499 1047 3548 litterarum
1066 3507 1120 3549 tua·

265 3587 319 3623 rum
336 3578 364 3624 Α.
450 3579 452 3585 ’

968 3687 1011 3745 ις·
