2850 4694
874 598 915 662 oo

466 766 614 864 insignes
632 768 886 857 adolescentes,
903 771 1077 867 peculiare
1092 789 1218 846 nostrae
1233 770 1316 845 eivi-

465 885 543 957 tatis
562 884 705 981 insigne,
728 886 961 982 Hesperidum
981 887 1076 960 malis
1089 888 1192 961 etiarn
1209 905 1315 986 atque

463 1000 568 1074 etiam
595 1001 778 1097 pretiosius
804 1026 866 1075 cur
887 1018 1036 1091 taceant,
1055 1004 1187 1099 ignoro.
1217 1004 1315 1104 Quid

466 1115 585 1190 lacturi
613 1118 706 1205 estis,
735 1118 868 1191 nobiles
895 1118 987 1192 urbis
1006 1134 1133 1192 nostrae
1151 1120 1316 1193 iuvenes?

437 1260 446 1311 r
463 1232 606 1305 Animos
632 1249 766 1306 vnstros
791 1251 827 1306 et
852 1233 952 1306 vitam
973 1259 1040 1306 non
1060 1234 1177 1307 harum
1195 1236 1315 1308 saltem

463 1349 626 1444 exemplo
648 1348 882 1422 exornabitis?
910 1351 1003 1421 Num
1022 1350 1161 1446 vulgare
1180 1349 1262 1422 illud
1281 1352 1315 1423 in

462 1489 524 1537 vos
542 1464 737 1537 convicium
765 1464 1054 1538 reformidabitis:
1086 1468 1159 1539 Vos
1185 1468 1313 1540 etenim

464 1580 604 1654 iuvenes
629 1579 777 1653 animum
811 1581 929 1677 geritis
961 1580 1160 1654 muliebrem
1188 1581 1316 1677 illaque

463 1694 559 1790 virgo
577 1695 661 1767 viril

421 1836 450 1872 ιο
515 1812 618 1883 Plura
635 1834 690 1884 me
707 1811 825 1884 dicere
839 1810 1022 1884 vindennae
1036 1813 1168 1884 clamor
1180 1813 1316 1886 obstre-

464 1927 575 2021 pentis
593 1925 684 1998 haud
697 1926 787 2011 sinit,
808 1926 908 2000 instat
929 1942 965 2000 et
978 1944 1158 2000 autumnus
1172 1929 1315 2002 calcatis

463 2039 622 2114 sordidus
641 2041 721 2114 uvis.
741 2041 795 2114 Ad
814 2058 848 2114 te
867 2042 968 2138 igitur
984 2043 1058 2115 vale
1076 2041 1212 2116 dictura
1228 2066 1315 2115 con-

463 2173 613 2230 vertatur
633 2155 755 2243 oratio,
787 2157 836 2229 vir
867 2158 1068 2255 magnilice;
1101 2159 1161 2230 tibi
1187 2159 1315 2255 gratias

463 2288 606 2370 quantas
625 2296 720 2344 meus
737 2296 865 2369 capere
884 2275 973 2347 valet
990 2274 1122 2348 animus
1139 2290 1175 2348 et
1192 2299 1260 2371 ugo
1277 2292 1314 2349 et

420 2411 445 2464 ¹5
461 2389 576 2461 habeo
595 2412 659 2484 pro
676 2412 721 2460 eo
740 2412 880 2462 munere
894 2389 1077 2487 quodcum
1091 2414 1129 2462 se
1144 2390 1231 2485 ips0‚
1242 2407 1313 2464 tum

463 2503 610 2577 muneris
628 2488 771 2577 auctore
789 2522 858 2578 tam
872 2506 1087 2601 praeclarum,
1101 2521 1170 2578 tam
1184 2529 1313 2604 accep-

462 2637 544 2706 tum,
563 2633 631 2691 tam
658 2619 885 2692 honorificum
912 2619 991 2692 milri
1019 2620 1229 2710 factumest,
1248 2645 1313 2717 pro

462 2735 559 2807 cuius
585 2734 726 2832 quidem
753 2735 880 2808 meritis
906 2759 960 2808 me
987 2735 1048 2808 tibi
1075 2751 1185 2808 totum
1212 2737 1314 2810 trado

461 2866 566 2947 atque
584 2849 804 2923 commendo.
820 2852 875 2922 Tu
890 2874 945 2924 me
959 2875 1024 2947 pro
1038 2869 1098 2924 tuo
1113 2868 1209 2926 utere
1223 2854 1314 2926 arbi·

418 2989 450 3025 ²0
463 2981 559 3038 tratu.

512 3081 560 3152 Ex
579 3082 665 3153 valle
685 3080 864 3167 Policella‚
886 3081 978 3152 Non.
1000 3081 1085 3153 Oct.
1112 3082 1211 3177 1436.

506 3300 539 3358 (a)
557 3297 691 3358 hespidum
715 3297 744 3356 C,
769 3309 825 3345 corr.
854 3295 991 3344 Salbodlni.
1034 3301 1082 3359 (ιι)
1111 3299 1169 3356 14³⁸
1194 3299 1223 3356 C,
1254 3312 1311 3347 corr.

463 3376 593 3424 Sabbudini
602 3376 722 3439 (Guarino
737 3378 848 3426 veronese
859 3389 871 3425 ι
882 3375 899 3423 r'l
909 3390 952 3424 suo
968 3376 1107 3438 epistolario.
1128 3377 1226 3427 Salemo
1244 3382 1310 3441 1885.

459 3462 485 3519 ρ.
506 3459 554 3504 rur
