2850 4694
660 593 713 662 ²³5

264 752 351 850 logis
377 752 469 826 beati
496 752 659 850 Gregorii
687 751 884 825 memoriter
909 777 977 850 ego
1007 768 1114 827 trans-

263 868 347 959 curi,
358 869 418 941 tibi
431 868 589 959 subiicio,
601 885 636 941 ut
650 892 752 966 quam
767 884 801 941 te
816 867 917 942 deam
932 885 1114 944 veneratus

265 984 298 1056 in
325 983 432 1075 terris,
459 983 605 1060 eandem
631 1008 701 1081 ego
726 985 894 1058 sublatam
921 982 1063 1058 odorem
1082 983 1115 1058 in

264 1099 358 1174 celis.

314 1215 512 1289 Gothorum
561 1213 774 1313 temporibus
820 1215 924 1288 Galla
967 1214 1116 1288 Rentine
1148 1242 1157 1293 t

266 1330 357 1404 urbis
375 1329 585 1404 nobilissima
603 1329 886 1428 puellaSymnchi
905 1328 1056 1403 consulis
1072 1353 1115 1404 nc

265 1446 397 1544 patricii
408 1446 475 1520 filia
484 1446 572 1520 inter
580 1445 818 1520 adolescentie
828 1461 986 1543 temporo
995 1432 1116 1519 marito

265 1561 388 1635 traditu
412 1561 446 1634 in
473 1561 570 1636 unius
595 1560 672 1634 anni
703 1559 824 1658 spacio
842 1559 915 1634 eius
932 1576 987 1634 est
1004 1577 1116 1635 morte

264 1676 412 1751 viduam
441 1680 558 1778 Quom
585 1675 666 1750 dum
693 1676 847 1751 fervente
873 1675 989 1750 mundi
1012 1676 1116 1776 copia

264 1792 308 1867 ad
324 1791 514 1867 iterandum
528 1793 711 1866 thalamum
722 1806 758 1864 et
770 1815 858 1888 opes
867 1807 904 1865 et
920 1808 993 1865 etus
1011 1815 1116 1866 vocu-
1132 1818 1161 1855 10

265 1927 327 1996 ret,
345 1907 449 2004 elegit
468 1906 574 2005 magis
595 1905 800 2004 spiritalibus
819 1905 943 2004 nuptiis
960 1906 1115 2004 copulari

265 2023 345 2113 deo,
362 2024 394 2096 in
409 2023 531 2120 quibus
544 2048 565 2097 a
578 2024 670 2096 luctu
686 2021 855 2119 incipitur,
865 2021 928 2096 sed
937 2021 982 2095 ad
990 2021 1116 2121 gaudio

265 2156 384 2212 eterno
410 2137 616 2235 pervenitur,
643 2162 744 2234 quam
763 2137 955 2211 carnalibus
990 2136 1115 2234 nuptiis

265 2253 386 2343 subici,
413 2278 483 2351 que
509 2277 530 2327 n
547 2251 662 2326 leticia
679 2276 817 2349 semper
834 2251 1001 2349 incipiunt
1017 2269 1054 2325 et
1070 2250 1115 2326 ad

267 2368 368 2442 finem
394 2393 472 2442 cum
499 2371 592 2442 luctu
616 2367 769 2441 tendunt.
793 2367 886 2441 Huic
904 2385 1017 2442 nutem
1036 2391 1114 2441 cum
1131 2396 1157 2445 ις

267 2484 366 2560 valde
396 2484 496 2582 igneo
538 2483 738 2581 conspertio
780 2483 938 2581 corporis
977 2483 1115 2573 inesset,

267 2615 435 2698 ceperunt
452 2599 577 2673 medici
595 2598 726 2689 dicere,
745 2598 825 2695 quin
843 2598 905 2700 nisi
923 2597 967 2672 nd
985 2599 1115 2695 ample

268 2742 329 2790 xus
346 2715 458 2790 viriles
472 2714 610 2805 rediret,
624 2714 741 2788 colore
763 2713 867 2787 nimio
881 2730 1003 2787 contra
1020 2728 1116 2786 natu·

268 2857 338 2906 rnm
352 2832 475 2906 barbas
489 2847 582 2905 esset
595 2829 759 2904 habitura.
789 2828 900 2930 Quod
914 2828 960 2903 ita
973 2851 1116 2926 quoque

146 2939 153 2956 ’
268 2965 346 3045 post
376 2947 503 3021 sactum
534 2963 596 3021 est.
637 2945 706 3020 Sed
736 2963 856 3020 sanctu
886 2944 1006 3018 mulier
1035 2943 1115 3017 nihil
1131 2978 1161 3014 ιο

267 3063 411 3138 esterius
444 3060 669 3137 deformitatis
699 3061 818 3152 timuit,
849 3086 918 3159 que
948 3058 1116 3136 interioris

266 3179 384 3278 sponsi
409 3179 563 3276 speciem
590 3178 725 3251 omnvit.
759 3179 839 3251 Nec
866 3177 973 3251 verita
999 3193 1062 3265 est,
1088 3175 1115 3248 si

268 3299 337 3369 lroc
363 3295 395 3367 in
422 3294 477 3368 illo
499 3293 683 3384 sedaretur,
697 3292 793 3390 quod
811 3319 831 3368 a
848 3293 967 3367 celesti
986 3314 1116 3389 sponso

312 3563 346 3625 (ς)
364 3561 421 3609 Vite
435 3562 500 3623 gutte
517 3558 600 3623 legitur
614 3558 638 3607 r'n
655 3557 766 3623 margine.
