2850 4694
519 595 648 648 [xxxvii

157 758 183 799 te
200 750 257 799 mihi
282 751 398 801 tribuere
420 761 542 814 quantum
566 753 676 802 tortasse
700 765 751 816 ego
769 766 818 803 nec
834 769 948 818 agnosco
964 771 1013 807 nec

157 833 269 892 postulo,
295 832 337 880 tali
362 839 445 881 tamen
470 832 592 895 opinione
616 839 659 880 tua
683 845 715 882 ac
738 832 834 883 iudicio
858 834 945 885 lacere
962 850 1012 885 non

156 923 262 972 possum
285 912 347 973 quin
371 921 398 962 et
421 913 480 962 mihi
505 912 631 976 gaudeam
655 919 682 960 et
705 911 750 960 tibi
767 912 902 963 debeam.»
920 941 951 952 -
969 918 1011 966 De

157 990 307 1053 Hieronymi
338 991 479 1055 Nogarolas
514 1005 576 1055 erge
604 991 796 1041 Maximilianum
825 993 1008 1056 tmperntoren

155 1070 241 1119 studio
258 1073 377 1121 nonnulla
394 1073 513 1134 leguntur
528 1070 598 1134 apud
616 1071 780 1120 limenuelem
792 1072 914 1137 Cicogna,
934 1077 1010 1124 Dalle

156 1150 300 1200 inscrizioni
316 1152 462 1201 Venetiane
477 1151 519 1201 Vl.
538 1165 565 1214 p.
584 1163 638 1212 ²40·
658 1164 711 1210 ²⁴¹·

206 1225 220 1263 ⁶
238 1231 366 1281 Leonardi
390 1232 529 1294 Nogarolae
550 1234 698 1294 sepulcrum
714 1232 834 1282 Tridenti
853 1232 877 1280 in
896 1233 1012 1284 Ecclesia

154 1310 301 1360 cathedrali
324 1310 357 1360 ad
380 1312 504 1360 sinistram
528 1324 577 1373 per
593 1311 759 1373 principalem
784 1319 885 1374 ponam
909 1312 1009 1362 intranti

154 1399 209 1439 erat
241 1393 282 1440 vel
312 1391 424 1440 lortasse
454 1404 521 1441 nunc
549 1404 656 1453 quoque
689 1400 729 1442 est
754 1392 833 1455 (conl.
857 1392 1011 1443 Michaelem

152 1472 278 1534 Angelum
302 1471 408 1520 Mariani
436 1472 565 1522 rTrentor
594 1474 650 1532 1⁶73
677 1486 702 1534 p.
731 1472 781 1535 67).
807 1474 849 1522 De
872 1485 927 1534 quo
955 1474 1011 1522 hac

155 1552 263 1600 loannes
288 1552 488 1614 chrysostomus
510 1552 611 1601 votano
628 1552 694 1600 inter
708 1552 758 1601 alia
773 1552 805 1601 sd
823 1553 938 1601 familiam
954 1552 1011 1602 No·

156 1632 268 1693 garolam
285 1631 428 1693 spectantia
444 1644 532 1681 mense
550 1631 692 1681 Decembri
708 1644 731 1680 a.
753 1634 813 1691 177⁶
829 1645 861 1681 ex
883 1631 1011 1683 Tridento

156 1711 245 1760 nescio
267 1711 308 1760 cui
335 1711 428 1760 Comiti
454 1712 595 1775 Nogaroloe
622 1711 733 1773 scripsit,
757 1725 868 1774 quorum
896 1711 1009 1760 notitiam

155 1791 255 1840 loannis
273 1792 395 1854 Baptistae
412 1791 499 1840 Caroli
516 1791 623 1842 Giuliari
640 1791 785 1841 humanitati
802 1791 949 1840 debemus:
975 1792 1009 1840 all

156 1872 292 1920 Mausoleo
316 1871 342 1920 di
367 1872 451 1934 pietra
473 1885 523 1921 non
548 1871 645 1921 lisclata
671 1870 791 1921 dbuona
807 1880 880 1934 parte
897 1880 1008 1934 coperto

154 1950 222 2000 dello
237 1951 366 2001 schienale
383 1951 410 2000 di
427 1965 477 2001 uns
491 1951 580 2000 banca
600 1952 670 2000 Pure
686 1951 710 1998 vl
728 1951 762 2000 ho
779 1952 843 2000 letto
860 1953 900 2000 nel
920 1963 1007 2000 mezzo

153 2039 246 2093 questa
263 2031 430 2080 inscrizione:
455 2030 577 2081 uonardo
600 2029 727 2094 Nogumlae
751 2029 846 2086 Comilr’,
865 2030 1012 2080 ferdinandi

153 2109 225 2174 Regis
246 2124 263 2159 a
288 2109 407 2167 amidis,
434 2111 546 2174 &premo
569 2109 705 2174 Rindpum
724 2108 882 2166 Odimlunb,
910 2110 1012 2175 limasti

153 2189 275 2255 Medo,
293 2203 324 2240 ac
344 2189 511 2255 legationibus
535 2189 614 2240 mulh's
637 2188 791 2254 munitque
812 2188 936 2254 honorifice
958 2196 1010 2255 pcr-

152 2269 245 2326 funclo,
270 2268 374 2334 Coniugi
393 2269 478 2334 optime
502 2269 589 2327 metito,
620 2267 705 2320 tinulo
728 2268 799 2332 Duyi
826 2271 890 2320 Uxor
911 2271 934 2319 cl
956 2268 1012 2319 Filii

153 2348 260 2399 moeslu'ta.
284 2355 353 2413 pos.»
383 2350 478 2399 Uxoris
503 2363 595 2398 nomen
619 2361 635 2398 a
657 2350 758 2398 Volano
782 2350 847 2398 mele
872 2351 967 2399 lectum
983 2349 1008 2398 in

154 2428 239 2492 lapide
264 2430 306 2479 De
324 2428 377 2492 Ofis
393 2430 516 2492 scriptum
533 2442 592 2479 esse
607 2429 667 2479 olim
681 2429 827 2492 suspicatus
840 2442 895 2478 sum
911 2430 1009 2479 Turre·

153 2509 206 2557 sani
223 2508 370 2558 testimonio
387 2516 529 2571 permotus,
552 2508 597 2570 qui
615 2507 744 2557 Leonardi
762 2522 869 2559 uxorem
887 2509 1008 2558 Ursulum

154 2589 188 2638 de
213 2588 269 2639 Otls
293 2588 328 2638 de
353 2588 458 2638 Certael
475 2589 554 2639 luisse
579 2589 667 2638 relert.
694 2587 746 2637 Sed
770 2588 838 2638 bene
855 2601 895 2638 me
912 2589 1009 2639 monuit

152 2668 299 2718 Alexander
316 2669 412 2719 Comes
436 2669 558 2733 apponyt
575 2681 632 2717 eam
651 2669 770 2718 Ursulum
787 2681 819 2718 ex
836 2669 914 2718 nobili
931 2676 1009 2732 gente

154 2749 301 2812 liungarica
318 2749 427 2813 Demsly
444 2748 479 2798 de
498 2747 644 2812 Zerduhely
662 2748 749 2808 luisse,
762 2747 798 2798 de
812 2761 864 2811 qua
874 2748 1010 2798 conseren-

152 2827 203 2877 dus
219 2836 258 2878 est
274 2829 330 2877 lvan
344 2829 417 2892 Nagy
433 2829 457 2878 in
474 2828 582 2878 Tabulis
599 2827 780 2890 Genealogicis
797 2828 920 2877 nobilium
936 2828 1008 2877 ilun-

153 2909 231 2971 μήτε
247 2909 416 2972 propaginum
443 2906 652 2972 [Magyarorszig
666 2905 802 2968 Csslldiai.
822 2908 919 2956 Pestini
938 2908 1006 2972 1858,

152 2989 204 3037 vol.
223 2989 266 3037 lll.
285 3002 311 3050 p.
329 2987 394 3050 alid).

207 3074 219 3111 ⁷
238 3070 281 3117 De
304 3082 387 3132 opere
410 3068 498 3130 aliquo
520 3068 645 3118 Ludovici
670 3067 742 3129 quod
766 3066 870 3117 aliunde
894 3066 1007 3118 nondum

154 3146 294 3200 innotuisse
318 3149 422 3199 videtur
437 3149 493 3199 hac
510 3150 546 3198 lo.
566 3148 766 3210 chrysostomus
781 3147 882 3197 votano
898 3147 923 3196 in
940 3146 1007 3197 notia

152 3243 232 3292 supra
242 3229 350 3279 laudatis
359 3228 594 3280 scribitzrhudout'ci
609 3227 736 3292 Nogamloe
756 3226 855 3278 Considi
872 3227 1009 3277 veronensi

152 3308 364 3374 inMclcorologicu
380 3307 508 3359 Alauhdn'
524 3307 706 3359 OEmmcnlun'o.
717 3307 830 3373 Prm‘olr‘o
843 3307 878 3356 ad
894 3308 1008 3358 Reum·

153 3388 274 3438 dissimum
297 3403 328 3440 ac
352 3388 534 3440 llluuhs'au'mum
561 3390 598 3437 D.
617 3389 655 3436 D.
673 3388 822 3439 flenurdum
838 3386 942 3437 Clcsium
960 3388 1004 3437 88

153 3471 271 3519 Rom
293 3464 535 3520 SedisCurdinulcm
558 3468 700 3533 Episcopum
722 3466 890 3531 clPuincipcm
911 3467 1007 3517 'lliden-

153 3549 236 3598 linum.
255 3550 402 3600 Comincia:
419 3549 506 3600 Multo
521 3549 614 3614 quidem
631 3550 669 3597 D.
690 3548 722 3598 Ο.
741 3549 779 3598 Μ.
799 3560 898 3597 munere.
919 3549 955 3596 Fu
973 3546 1007 3596 da
