2850 4694
559 612 588 669 ¹³

148 782 233 854 libus
271 782 447 856 sarcinulis
481 783 565 857 meis
600 784 801 882 compositis
834 784 998 882 pollicitis

148 896 370 994 respondere.
398 903 452 972 Ac
482 901 552 973 hoc
582 924 638 972 me
677 899 793 973 invitat
828 899 998 974 humanis-

146 1012 219 1085 simi
245 1029 282 1086 et
308 1013 570 1110 splendidissimi
588 1013 757 1111 equestris
782 1013 912 1088 ordinis
937 1014 997 1087 viri

147 1127 256 1201 fratris
281 1129 382 1202 vestri
409 1128 592 1218 discessus,
620 1129 652 1202 in
671 1155 741 1227 quo
759 1129 786 1203 si
804 1129 997 1204 desidiosus

148 1243 236 1317 sorte
253 1243 399 1334 viderer,
418 1269 473 1317 me
491 1269 560 1317 non
579 1261 647 1318 tam
669 1245 782 1318 verbis
800 1270 902 1341 quam
921 1270 997 1318 ner·
1030 1263 1040 1315 ι

147 1359 196 1432 vis
214 1359 387 1456 quibusvis
400 1360 631 1434 mulctandum
646 1385 806 1434 essenon
821 1359 995 1434 disfiterer.

147 1474 216 1548 Sed
246 1499 315 1572 ego
344 1475 379 1549 id
408 1476 707 1573 voluptuosissime
738 1475 829 1549 sacio
855 1493 891 1548 et
929 1478 998 1551 hoc

147 1590 331 1664 litterarum
356 1616 486 1690 genere
511 1591 810 1665 vehementissime
840 1591 998 1665 delector

148 1705 298 1803 inprimis
325 1707 512 1803 praesertim
540 1706 572 1778 in
598 1707 708 1795 vobis,
739 1730 824 1803 quas
849 1706 998 1780 admiror

149 1838 329 1920 tantopere
346 1846 389 1895 ac
407 1839 474 1895 tam
490 1823 638 1896 mirificis
656 1822 811 1897 laudibus
825 1822 996 1921 praedico,
1015 1841 1043 1877 ¹⁰

149 1956 184 2011 ut
197 1963 252 2011 me
270 1939 379 2036 ipsum
395 1980 439 1990 —
449 1939 560 2013 silebo
570 1940 720 2036 reliquos
735 1981 779 1990 —
794 1965 863 2013 non
882 1938 998 2013 odisse

149 2080 216 2128 non
231 2078 381 2152 possum.
397 2054 624 2129 Credideram
639 2080 695 2128 me
709 2055 796 2128 inter
808 2054 898 2129 viros
911 2055 999 2129 doc-

147 2170 295 2243 tissimos
328 2170 478 2244 oratoria
510 2171 591 2245 satis
625 2174 805 2269 perlucere
847 2188 884 2244 et
913 2173 998 2244 mul-

147 2285 273 2359 totiens
306 2286 448 2360 aliorum
482 2311 641 2360 sermone
682 2312 755 2360 sum
794 2286 998 2375 delectatus,

148 2401 204 2499 qui
233 2419 299 2475 tam
330 2405 537 2477 luculentam
562 2402 629 2475 vim
656 2402 794 2476 dicendi
822 2402 901 2475 mihi
919 2404 999 2475 sub
1016 2419 1041 2471 15

147 2517 344 2608 audiebant,
364 2535 399 2590 ut
416 2518 508 2616 apud
531 2542 620 2614 quos
637 2543 680 2591 ea
696 2543 765 2591 vox
782 2520 946 2606 evolaret,
966 2517 999 2589 hi

149 2633 294 2707 maxima
319 2633 522 2708 laudationis
544 2658 632 2708 meae
653 2631 831 2731 praeconia
855 2632 1000 2706 sustine·

122 2874 134 2884 ·
193 2862 227 2927 (1)
244 2864 375 2914 sarcinolis
391 2864 478 2914 CGM.
512 2864 613 2926 pollicis
628 2864 658 2923 Q
676 2877 746 2912 omm.
764 2863 828 2913 GM.
860 2861 895 2925 (ς)
911 2861 1000 2911 videar

150 2945 213 2994 GM.
264 2944 299 3008 (ὁ)
327 2943 486 2993 mulcendum
513 2944 542 3003 C,
572 2943 717 2993 mutandum
750 2944 776 2990 V.
811 2941 870 3003 non]
887 2942 945 2989 mibi
959 2942 998 2990 M.

149 3025 258 3074 dentear
284 3025 317 3084 G,
347 3023 446 3073 difitear
472 3025 510 3083 Μ,
540 3022 663 3072 defiterer
692 3024 719 3070 l'.
775 3021 809 3084 (7)
838 3021 863 3070 id
888 3034 934 3069 om.
964 3021 998 3070 G.

149 3119 199 3168 ego
229 3105 264 3167 id]
294 3113 343 3154 tam
373 3104 460 3153 verbis
487 3117 537 3167 ego
553 3103 586 3152 M
606 3104 646 3166 (m.
672 3116 694 3150 ι.
712 3100 892 3166 suprascripsit:
908 3101 998 3163 vacat).

148 3184 199 3248 (ιο)
228 3193 297 3234 tanto
326 3198 408 3247 opere
436 3192 462 3233 et
487 3192 536 3232 tam
563 3184 592 3233 C.
644 3191 726 3232 tamen
748 3182 786 3230 M.
839 3180 943 3243 predito
968 3180 998 3231 C

149 3264 199 3329 (ιι)
223 3264 323 3315 scilebo
340 3265 370 3324 C,
389 3264 512 3314 scribebo
539 3265 565 3311 V.
608 3265 629 3326 (ι
636 3262 657 3325 ι)
681 3264 800 3311 relucere
817 3260 847 3320 C,
866 3261 1000 3322 pollucere

149 3346 187 3406 M,
202 3348 320 3408 polluere
342 3347 368 3406 V,
387 3345 504 3408 pollere?
536 3343 586 3408 (14)
603 3344 648 3392 sim
679 3343 709 3392 C.
748 3341 798 3404 (ις)
821 3341 889 3402 mibi]
914 3354 937 3388 m
959 3341 998 3400 Μ,

149 3438 195 3474 om.
214 3427 247 3476 G.
282 3426 331 3490 (ις.
352 3426 389 3489 ιό)
405 3424 625 3475 subaudiebantur
639 3424 672 3483 G,
694 3422 914 3472 subaudiebantur
935 3422 997 3470 MV.

150 3504 199 3568 (1⁶)
215 3514 278 3568 aput
293 3507 326 3556 G.
360 3506 417 3569 vox]
432 3518 479 3555 vos
495 3504 524 3554 C.
560 3504 593 3552 hii
611 3504 668 3553 CG.
704 3501 753 3567 (ιγ)
771 3501 955 3565 max.]summa
970 3502 997 3549 V.

150 3585 255 3641 substin.
276 3585 340 3641 GM.
