2850 4694
530 613 579 679 ¹²5

126 763 252 861 evenit)
270 765 357 838 inter
382 765 536 839 civitates
554 764 600 838 de
618 765 718 856 sama,
736 764 782 838 de
800 764 976 863 dignitate,

126 879 172 953 de
188 880 297 976 gloria
322 880 451 955 orietur
476 880 666 972 contentio,
685 904 764 955 cum
787 897 889 955 antea
906 883 978 955 Ca·

126 996 254 1087 tullum,
281 1012 463 1093 utrumque
483 996 640 1086 Plinium,
657 999 823 1094 Angelam
841 996 976 1071 amitam

126 1128 271 1185 vestram
298 1113 560 1209 Guarinumque
587 1113 734 1185 maxime
753 1112 847 1186 inter
880 1111 977 1186 huius

126 1226 270 1301 civitatis
287 1227 419 1302 decora
435 1252 637 1302 enumerare
650 1228 901 1317 consuevimus,
915 1253 977 1302 vos
1010 1261 1019 1312 t

127 1342 268 1416 nuncin
285 1342 406 1439 gloriae
424 1359 528 1418 tantae
547 1343 709 1418 maiorem
728 1359 859 1441 partem
873 1366 978 1416 acce-

126 1455 215 1547 ditis,
233 1483 294 1532 vos
321 1482 411 1532 nunc
438 1459 594 1533 certatim
621 1458 776 1533 laudibus
802 1458 835 1530 in
853 1461 976 1533 caelum

126 1574 339 1647 extollemus.
357 1577 438 1648 Nec
451 1575 485 1649 id
499 1575 668 1648 immerito
682 1575 834 1671 quidem,
847 1575 977 1672 quippe

125 1689 152 1762 si
167 1705 220 1762 tot
232 1690 403 1787 tantisque
416 1691 573 1765 laudibus
583 1691 808 1765 Lascheniam
822 1706 859 1764 et
872 1690 977 1764 Axio-

126 1806 240 1879 theam
259 1805 532 1903 philosophantis
551 1807 694 1881 Graecia
711 1823 896 1904 prosecuta
913 1823 977 1896 est,
995 1839 1024 1876 ιο

126 1919 153 1994 si
171 1921 362 2018 Aethiopes
382 1921 575 2013 Nicaulam,
593 1922 621 1995 si
641 1921 790 1995 Romani
807 1921 977 2010 Porciam,

128 2036 254 2125 luliam,
279 2038 479 2111 Corneliam
506 2062 549 2111 ea
574 2053 792 2134 tempestate,
814 2061 883 2133 qua
909 2061 979 2109 ma-

127 2150 217 2224 xime
252 2151 490 2227 huiuscemodi
519 2153 631 2227 studia
664 2153 844 2241 florebant,
871 2151 978 2225 admi·

127 2267 188 2339 rati
218 2284 306 2359 sunt,
337 2268 433 2364 quod
463 2269 509 2342 de
537 2270 634 2343 vobis
664 2268 824 2342 iudicium
857 2267 977 2341 facturi

125 2387 265 2456 sumus?
292 2386 421 2458 Nonne
438 2402 474 2470 et
499 2410 562 2458 vos
587 2385 751 2458 maiorem
778 2383 810 2456 in
837 2382 976 2457 modum
994 2418 1019 2470 ις

125 2498 261 2594 gloriari
289 2499 338 2573 las
355 2517 419 2590 est,
438 2500 634 2575 clarissimae
651 2500 821 2598 virgines?
848 2501 977 2574 Nonne

176 2701 210 2765 (ι)
222 2702 256 2751 de
272 2703 402 2766 unledign.
413 2717 459 2751 ont.
474 2705 511 2753 Μ.
546 2702 693 2766 dignatione
704 2703 736 2751 R.
770 2703 804 2766 (ι)
821 2703 933 2751 oriretur
943 2703 975 2751 R.

126 2794 184 2830 eum
193 2790 267 2831 antee
275 2796 321 2831 om.
332 2783 362 2832 c
373 2796 437 2832 anna
445 2784 477 2832 R.
501 2783 534 2845 (r.
548 2784 570 2847 ³)
579 2785 690 2832 ortulum
701 2783 734 2831 R.
753 2780 787 2846 (t)
800 2783 927 2844 utrimque
936 2784 974 2832 M.

126 2862 262 2924 plurimum
287 2862 319 2922 G,
349 2863 449 2925 plurimi
474 2864 505 2911 R.
547 2864 646 2912 amitam
671 2863 696 2912 G
723 2860 795 2922 solur,
819 2862 898 2911 aviam
923 2864 974 2912 cell.

126 2939 159 3001 (ι.
170 2942 195 3005 4)
204 2950 282 2991 vestr.
295 2955 334 2991 av.
345 2944 377 2991 R.
411 2942 446 3006 (4)
455 2943 560 2992 maxime
568 2944 601 2992 G.
636 2942 668 3006 (ς.
682 2942 706 3004 6)
717 2955 764 2991 vos
776 2950 865 2992 noster
874 2942 898 2991 in
907 2949 976 2992 tnnte

126 3024 159 3086 gl.
173 3023 205 3071 R.
240 3021 510 3085 (6.7)uccedetiscv.
544 3023 578 3086 (7)
596 3023 672 3084 nunc]
688 3030 773 3071 autem
785 3023 818 3081 G,
836 3035 882 3071 om.
899 3023 927 3070 V.
952 3021 976 3070 in

126 3115 148 3152 e
172 3115 218 3150 ont.
242 3102 272 3151 c
307 3101 341 3165 (8)
359 3102 447 3151 inmer.
468 3104 506 3162 M,
528 3103 670 3152 iuramento
686 3102 718 3150 R.
752 3102 786 3164 (9)
796 3101 974 3161 lechenirnrc,

125 3181 250 3231 lasciviam
260 3183 293 3240 G,
312 3183 445 3231 laseeniam
454 3184 492 3232 M.
528 3182 559 3240 (9.
574 3183 611 3246 ιο)
622 3183 755 3231 axotheam
765 3181 795 3240 C,
815 3181 918 3231 uxotiua
940 3182 973 3239 G,

126 3262 234 3310 unctium
251 3263 290 3320 M,
308 3262 431 3311 anxieturn
448 3263 480 3311 R.
515 3262 564 3325 (ro)
581 3263 648 3325 phyl.
668 3261 698 3321 C,
715 3261 925 3322 philosophantes
941 3262 973 3310 R.

126 3342 265 3404 genereM.
295 3348 384 3391 secute
393 3342 423 3401 C,
437 3349 592 3403 prosecutus
601 3342 639 3400 M,
653 3348 813 3402 prosequuta
821 3341 852 3389 R.
879 3339 928 3402 (ιι)
941 3340 976 3387 in·

126 3422 222 3470 aulem
232 3421 265 3480 G,
276 3421 414 3470 nichaulem
422 3422 454 3470 R.
474 3421 639 3470 romrminc
658 3421 770 3483 pontiam
780 3420 972 3481 G,ponciamM,

126 3501 234 3562 portium
251 3502 283 3550 R.
328 3499 479 3563 (rrludiam
495 3514 567 3550 corn.
587 3502 614 3548 V.
648 3498 698 3564 (14)
714 3499 758 3561 de]
773 3508 799 3548 et
811 3501 838 3547 V.
873 3498 921 3562 (ις.
937 3499 974 3561 1⁶)

127 3581 363 3646 Nonne-virginee
376 3594 446 3630 omni.
462 3581 549 3630 CGM.
579 3580 722 3644 (15)nosR.
752 3580 801 3644 (16)
813 3580 872 3630 Non
887 3592 929 3628 me
939 3580 972 3628 G.
