2850 4694
538 579 609 623 eux

144 728 248 802 fuisse
266 755 383 827 eoque
400 734 503 807 lsotae
523 734 725 830 Nogarolae‚
738 732 882 830 Maphei
898 732 998 831 Vegii

143 861 178 917 et
195 845 333 919 Antonii
350 847 559 922 Panormitae
572 848 737 946 epistolas
755 848 924 922 contineri
943 874 998 922 re-

143 960 217 1034 sert.
230 959 410 1035 Ridebunt
430 988 514 1037 sane
531 964 693 1052 lectores,
707 963 734 1038 si
750 987 849 1038 unam
868 979 997 1037 tantum

142 1078 244 1150 lsotae
253 1076 435 1174 epistolam
453 1077 485 1151 in
504 1081 575 1152 hoc
591 1078 719 1155 codice
728 1094 847 1153 extare
859 1078 999 1153 audive-

142 1191 217 1266 rint.
229 1192 302 1294 Qui
320 1218 416 1268 error
432 1218 516 1268 sane
534 1194 696 1269 ridiculus
714 1193 805 1268 unde
822 1210 918 1268 ortus
942 1194 997 1285 sit,

143 1307 271 1382 rescire
289 1334 359 1382 non
378 1310 493 1407 potui;
518 1310 652 1385 videtur
663 1310 795 1386 Moreri
805 1311 858 1384 vel
877 1325 999 1385 auctor

141 1449 186 1497 ex
204 1450 275 1521 quo
296 1449 358 1498 sua
383 1425 504 1515 hausit,
531 1426 729 1525 paginarum
761 1450 936 1500 numerum
964 1424 997 1499 in

141 1541 223 1612 loco
241 1538 392 1636 quodam
411 1540 551 1616 laudato
573 1567 637 1639 pro
664 1566 807 1614 numero
833 1540 997 1639 epistola-

143 1680 214 1729 rum
233 1654 266 1728 in
282 1679 329 1730 eo
346 1655 473 1730 codice
490 1673 697 1731 servatarum
716 1658 805 1730 male
827 1655 994 1730 habuisse.

190 1769 358 1860 Codices,
384 1772 442 1870 qui
461 1772 586 1870 primas
603 1798 683 1871 quae
696 1787 877 1871 supersunt
894 1773 996 1847 lsotae

142 1887 306 1985 epistolas
324 1887 424 1962 nobis
437 1904 668 1978 servaverunt,
691 1888 820 1986 quique
837 1885 882 1961 ad
899 1903 996 1961 certa

141 2026 271 2099 genera
289 2002 406 2079 referri
425 2021 570 2101 possunt
587 2029 655 2077 non
669 2003 770 2103 pauci
784 2018 911 2077 extant

192 2117 353 2193 Plurimae
367 2121 470 2193 lsotae
483 2119 642 2217 epistolae
655 2123 813 2218 leguntur
826 2118 858 2192 in
872 2143 918 2193 eo
931 2143 994 2193 co-

140 2232 255 2307 dicum
271 2259 412 2332 genere,
434 2232 531 2332 quod
552 2233 714 2309 codicem
740 2234 993 2308 Vindobonen-

140 2374 214 2423 sem
253 2350 355 2446 3481,
397 2352 635 2426 Veronensem
672 2352 753 2454 256,
788 2349 991 2424 Vaticanum

146 2481 237 2564 5127
270 2466 523 2563 complectitur,
555 2467 587 2540 in
622 2465 745 2565 quibus
779 2468 857 2540 haec
891 2467 993 2540 lsotae

141 2579 299 2678 epistolae
328 2583 505 2680 leguntur:
542 2607 602 2656 ιιιι.
634 2607 708 2656 ιιιιι.
740 2605 810 2661 xiv,
844 2605 889 2654 ιιι.
917 2605 990 2654 xix.

140 2720 200 2769 xx.
227 2720 326 2770 xxm.
354 2709 470 2771 xxur⁸.
503 2721 559 2771 xv.
591 2721 661 2770 ιινι.
693 2721 777 2770 ιινιι.
809 2720 905 2770 xvur.
943 2720 989 2769 ιιι.

140 2834 172 2882 v.
212 2835 256 2884 vr.
286 2835 329 2884 ιιι.
357 2836 442 2885 xxu.
473 2837 506 2886 ιι.
535 2836 627 2886 xxm·
645 2836 739 2886 xxvi.
772 2835 880 2885 xxvn.
917 2835 988 2884 xxi.

140 2949 234 2999 xxiv.
258 2950 380 3000 xxvur.
408 2926 462 3001 Ad
488 2952 574 3026 quas
595 2926 628 3001 in
650 2926 777 3001 codice
799 2926 990 3001 Veronensi

140 3039 288 3139 epistola
315 3066 354 3114 iv
375 3059 412 3116 et
432 3044 535 3117 lsotae
556 3042 602 3117 de
627 3043 715 3117 Adae
740 3059 776 3117 et
802 3043 884 3116 Evae
905 3065 990 3139 pec-

139 3172 221 3230 cato
242 3154 400 3255 dialogus
420 3157 570 3232 accedit.
591 3158 682 3232 Cum
705 3155 832 3232 codice
858 3156 991 3232 Vindo-

140 3271 284 3346 bonensi
293 3289 406 3347 autem
425 3273 601 3373 conspirat
625 3273 712 3347 liber
727 3273 989 3370 Neapolitanus,

139 3385 201 3462 nisi
218 3387 316 3486 quod
333 3404 402 3463 tres
419 3405 606 3487 postremae
631 3413 711 3487 quae
728 3388 762 3462 in
788 3389 846 3463 illo
872 3391 989 3487 legun-

139 3519 191 3577 tur
199 3502 358 3600 epistolae
371 3503 404 3576 in
419 3505 487 3578 hoc
501 3501 746 3578 desiderantur.
758 3505 848 3577 Tum
866 3529 911 3577 ex
921 3528 990 3579 uno
