<?xml version="1.0" encoding="UTF-8"?>
<!DOCTYPE html PUBLIC "-//W3C//DTD XHTML 1.0 Transitional//EN"
    "http://www.w3.org/TR/xhtml1/DTD/xhtml1-transitional.dtd">
<html xmlns="http://www.w3.org/1999/xhtml" xml:lang="en" lang="en">
 <head>
  <title>
</title>
<meta http-equiv="Content-Type" content="text/html;charset=utf-8" />
  <meta name='ocr-system' content='tesseract 3.04.00' />
  <meta name='ocr-capabilities' content='ocr_page ocr_carea ocr_par ocr_line ocrx_word'/>
</head>
<body>
  <div class='ocr_page' id='page_1' title='image "./isotnogarolvero00nogagoog/isotnogarolvero00nogagoog_0181.png"; bbox 0 0 2926 5168; ppageno 0'>
   <div class='ocr_carea' id='block_1_1' title="bbox 664 1004 759 1053">
    <p class='ocr_par' dir='ltr' id='par_1_1' title="bbox 664 1004 759 1053">
     <span class='ocr_line' id='line_1_1' title="bbox 664 1004 759 1053; baseline -0.032 0"><span class='ocrx_word' id='word_1_1' title='bbox 664 1004 759 1053; x_wconf 73' lang='lat' dir='ltr'>caut</span> 
     </span>
    </p>
   </div>
   <div class='ocr_carea' id='block_1_2' title="bbox 283 1157 1140 3676">
    <p class='ocr_par' dir='ltr' id='par_1_2' title="bbox 283 1157 1140 3676">
     <span class='ocr_line' id='line_1_2' title="bbox 285 1157 1139 1256; baseline 0 -25"><span class='ocrx_word' id='word_1_2' title='bbox 285 1157 390 1232; x_wconf 79' lang='lat' dir='ltr'>nobili</span> <span class='ocrx_word' id='word_1_3' title='bbox 433 1157 560 1256; x_wconf 83' lang='lat' dir='ltr'>signori</span> <span class='ocrx_word' id='word_1_4' title='bbox 609 1157 785 1233; x_wconf 87' lang='lat' dir='ltr'>Marchesi</span> <span class='ocrx_word' id='word_1_5' title='bbox 828 1157 985 1255; x_wconf 85' lang='lat' dir='ltr'>Spinetta</span> <span class='ocrx_word' id='word_1_6' title='bbox 1028 1159 1139 1231; x_wconf 86' lang='lat' dir='ltr'>Mala-</span> 
     </span>
     <span class='ocr_line' id='line_1_3' title="bbox 283 1272 1139 1371; baseline 0.001 -26"><span class='ocrx_word' id='word_1_7' title='bbox 283 1272 429 1371; x_wconf 88' lang='lat' dir='ltr'>spinae</span> <span class='ocrx_word' id='word_1_8' title='bbox 458 1273 638 1347; x_wconf 88' lang='lat' dir='ltr'>Marianna</span> <span class='ocrx_word' id='word_1_9' title='bbox 664 1272 864 1346; x_wconf 90' lang='lat' dir='ltr'>Fumanelli.</span> <span class='ocrx_word' id='word_1_10' title='bbox 893 1274 917 1346; x_wconf 94' lang='lat' dir='ltr'>ll</span> <span class='ocrx_word' id='word_1_11' title='bbox 944 1273 1139 1346; x_wconf 84' lang='lat' dir='ltr'>Settembre</span> 
     </span>
     <span class='ocr_line' id='line_1_4' title="bbox 286 1385 1139 1485; baseline -0.002 -25"><span class='ocrx_word' id='word_1_12' title='bbox 286 1412 326 1460; x_wconf 77' lang='grc' dir='ltr'>χ.</span> <span class='ocrx_word' id='word_1_13' title='bbox 359 1409 468 1460; x_wconf 85' lang='lat' dir='ltr'>occe.</span> <span class='ocrx_word' id='word_1_14' title='bbox 504 1411 566 1459; x_wconf 71' lang='lat' dir='ltr'>u.»</span> <span class='ocrx_word' id='word_1_15' title='bbox 600 1411 702 1485; x_wconf 85' lang='lat' dir='ltr'>quam</span> <span class='ocrx_word' id='word_1_16' title='bbox 733 1385 921 1460; x_wconf 85' lang='lat' dir='ltr'>editionem</span> <span class='ocrx_word' id='word_1_17' title='bbox 947 1410 968 1460; x_wconf 91' lang='lat' dir='ltr'>a</span> <span class='ocrx_word' id='word_1_18' title='bbox 994 1386 1139 1459; x_wconf 85' lang='lat' dir='ltr'>Caesare</span> 
     </span>
     <span class='ocr_line' id='line_1_5' title="bbox 284 1501 1138 1589; baseline -0.005 -13"><span class='ocrx_word' id='word_1_19' title='bbox 284 1501 470 1576; x_wconf 84' lang='lat' dir='ltr'>Cavattoni</span> <span class='ocrx_word' id='word_1_20' title='bbox 493 1519 645 1576; x_wconf 86' lang='lat' dir='ltr'>curatam</span> <span class='ocrx_word' id='word_1_21' title='bbox 663 1526 742 1576; x_wconf 86' lang='lat' dir='ltr'>esse</span> <span class='ocrx_word' id='word_1_22' title='bbox 760 1501 848 1575; x_wconf 90' lang='lat' dir='ltr'>inter</span> <span class='ocrx_word' id='word_1_23' title='bbox 859 1525 981 1575; x_wconf 89' lang='lat' dir='ltr'>omnes</span> <span class='ocrx_word' id='word_1_24' title='bbox 991 1517 1138 1589; x_wconf 88' lang='lat' dir='ltr'>constat,</span> 
     </span>
     <span class='ocr_line' id='line_1_6' title="bbox 284 1615 1137 1715; baseline 0 -27"><span class='ocrx_word' id='word_1_25' title='bbox 284 1615 366 1715; x_wconf 80' lang='lat' dir='ltr'>licet</span> <span class='ocrx_word' id='word_1_26' title='bbox 394 1615 469 1690; x_wconf 87' lang='lat' dir='ltr'>eius</span> <span class='ocrx_word' id='word_1_27' title='bbox 500 1641 625 1691; x_wconf 90' lang='lat' dir='ltr'>nomen</span> <span class='ocrx_word' id='word_1_28' title='bbox 661 1615 692 1689; x_wconf 91' lang='lat' dir='ltr'>in</span> <span class='ocrx_word' id='word_1_29' title='bbox 732 1634 808 1690; x_wconf 94' lang='lat' dir='ltr'>toto</span> <span class='ocrx_word' id='word_1_30' title='bbox 846 1616 933 1689; x_wconf 93' lang='lat' dir='ltr'>libro</span> <span class='ocrx_word' id='word_1_31' title='bbox 973 1639 1137 1712; x_wconf 82' lang='lat' dir='ltr'>nusquam</span> 
     </span>
     <span class='ocr_line' id='line_1_7' title="bbox 285 1730 1139 1830; baseline -0.001 -26"><span class='ocrx_word' id='word_1_32' title='bbox 285 1734 417 1830; x_wconf 83' lang='lat' dir='ltr'>legatur</span> <span class='ocrx_word' id='word_1_33' title='bbox 449 1749 555 1828; x_wconf 89' lang='lat' dir='ltr'>atque</span> <span class='ocrx_word' id='word_1_34' title='bbox 596 1731 700 1806; x_wconf 92' lang='lat' dir='ltr'>etiam</span> <span class='ocrx_word' id='word_1_35' title='bbox 734 1731 882 1829; x_wconf 88' lang='lat' dir='ltr'>epistola</span> <span class='ocrx_word' id='word_1_36' title='bbox 924 1730 1139 1805; x_wconf 78' lang='lat' dir='ltr'>dedicatoria</span> 
     </span>
     <span class='ocr_line' id='line_1_8' title="bbox 284 1845 1138 1943; baseline -0.001 -23"><span class='ocrx_word' id='word_1_37' title='bbox 284 1846 493 1921; x_wconf 83' lang='lat' dir='ltr'>Elisabethae</span> <span class='ocrx_word' id='word_1_38' title='bbox 532 1846 653 1921; x_wconf 93' lang='lat' dir='ltr'>Venini</span> <span class='ocrx_word' id='word_1_39' title='bbox 696 1848 833 1920; x_wconf 82' lang='lat' dir='ltr'>Franco</span> <span class='ocrx_word' id='word_1_40' title='bbox 872 1845 1021 1935; x_wconf 85' lang='lat' dir='ltr'>nomine,</span> <span class='ocrx_word' id='word_1_41' title='bbox 1056 1871 1138 1943; x_wconf 85' lang='lat' dir='ltr'>quae</span> 
     </span>
     <span class='ocr_line' id='line_1_9' title="bbox 283 1961 1136 2060; baseline -0.002 -25"><span class='ocrx_word' id='word_1_42' title='bbox 283 1979 437 2060; x_wconf 89' lang='lat' dir='ltr'>sumptus</span> <span class='ocrx_word' id='word_1_43' title='bbox 475 1980 604 2037; x_wconf 89' lang='lat' dir='ltr'>tantum</span> <span class='ocrx_word' id='word_1_44' title='bbox 634 1961 876 2059; x_wconf 77' lang='lat' dir='ltr'>suppeditavit,</span> <span class='ocrx_word' id='word_1_45' title='bbox 911 1961 1040 2058; x_wconf 89' lang='lat' dir='ltr'>scripta</span> <span class='ocrx_word' id='word_1_46' title='bbox 1084 1961 1136 2034; x_wconf 89' lang='lat' dir='ltr'>sit.</span> 
     </span>
     <span class='ocr_line' id='line_1_10' title="bbox 287 2076 1139 2175; baseline -0.004 -23"><span class='ocrx_word' id='word_1_47' title='bbox 287 2077 451 2175; x_wconf 87' lang='lat' dir='ltr'>Denique</span> <span class='ocrx_word' id='word_1_48' title='bbox 485 2077 518 2150; x_wconf 93' lang='lat' dir='ltr'>in</span> <span class='ocrx_word' id='word_1_49' title='bbox 555 2079 684 2151; x_wconf 88' lang='lat' dir='ltr'>Museo</span> <span class='ocrx_word' id='word_1_50' title='bbox 719 2076 834 2151; x_wconf 89' lang='lat' dir='ltr'>lacobi</span> <span class='ocrx_word' id='word_1_51' title='bbox 876 2077 1025 2174; x_wconf 87' lang='lat' dir='ltr'>Philippi</span> <span class='ocrx_word' id='word_1_52' title='bbox 1065 2079 1139 2150; x_wconf 89' lang='lat' dir='ltr'>To-</span> 
     </span>
     <span class='ocr_line' id='line_1_11' title="bbox 285 2192 1137 2290; baseline 0 -25"><span class='ocrx_word' id='word_1_53' title='bbox 285 2193 402 2268; x_wconf 89' lang='lat' dir='ltr'>masini</span> <span class='ocrx_word' id='word_1_54' title='bbox 432 2192 537 2287; x_wconf 86' lang='lat' dir='ltr'>(conl.</span> <span class='ocrx_word' id='word_1_55' title='bbox 568 2192 642 2266; x_wconf 90' lang='lat' dir='ltr'>eius</span> <span class='ocrx_word' id='word_1_56' title='bbox 669 2192 789 2290; x_wconf 84' lang='lat' dir='ltr'>Elogia</span> <span class='ocrx_word' id='word_1_57' title='bbox 818 2217 849 2266; x_wconf 93' lang='lat' dir='ltr'>a.</span> <span class='ocrx_word' id='word_1_58' title='bbox 889 2193 978 2287; x_wconf 83' lang='lat'>1644</span> <span class='ocrx_word' id='word_1_59' title='bbox 1007 2192 1137 2267; x_wconf 86' lang='lat' dir='ltr'>Patavii</span> 
     </span>
     <span class='ocr_line' id='line_1_12' title="bbox 284 2305 1138 2406; baseline -0.005 -23"><span class='ocrx_word' id='word_1_60' title='bbox 284 2307 378 2383; x_wconf 87' lang='lat' dir='ltr'>edita</span> <span class='ocrx_word' id='word_1_61' title='bbox 407 2334 439 2406; x_wconf 90' lang='lat' dir='ltr'>p.</span> <span class='ocrx_word' id='word_1_62' title='bbox 477 2308 556 2405; x_wconf 80' lang='lat'>342)</span> <span class='ocrx_word' id='word_1_63' title='bbox 575 2306 704 2381; x_wconf 89' lang='lat' dir='ltr'>inedita</span> <span class='ocrx_word' id='word_1_64' title='bbox 724 2308 865 2382; x_wconf 86' lang='lat' dir='ltr'>extabat</span> <span class='ocrx_word' id='word_1_65' title='bbox 894 2307 1069 2404; x_wconf 72' lang='lat' dir='ltr'>«Epistola</span> <span class='ocrx_word' id='word_1_66' title='bbox 1094 2305 1138 2381; x_wconf 91' lang='lat' dir='ltr'>ad</span> 
     </span>
     <span class='ocr_line' id='line_1_13' title="bbox 285 2422 1136 2521; baseline -0.004 -24"><span class='ocrx_word' id='word_1_67' title='bbox 285 2423 506 2498; x_wconf 91' lang='lat' dir='ltr'>Cardinalem</span> <span class='ocrx_word' id='word_1_68' title='bbox 553 2424 715 2497; x_wconf 85' lang='lat' dir='ltr'>lulianum</span> <span class='ocrx_word' id='word_1_69' title='bbox 745 2422 873 2521; x_wconf 88' lang='lat' dir='ltr'>scripta</span> <span class='ocrx_word' id='word_1_70' title='bbox 907 2424 1057 2496; x_wconf 87' lang='lat' dir='ltr'>Veronae</span> <span class='ocrx_word' id='word_1_71' title='bbox 1093 2447 1136 2495; x_wconf 89' lang='grc' dir='ltr'>ιχ.</span> 
     </span>
     <span class='ocr_line' id='line_1_14' title="bbox 284 2535 1137 2635; baseline -0.002 -24"><span class='ocrx_word' id='word_1_72' title='bbox 284 2540 362 2612; x_wconf 89' lang='lat' dir='ltr'>Cal.</span> <span class='ocrx_word' id='word_1_73' title='bbox 398 2537 522 2635; x_wconf 85' lang='lat' dir='ltr'>Aprilis</span> <span class='ocrx_word' id='word_1_74' title='bbox 558 2563 598 2611; x_wconf 82' lang='grc' dir='ltr'>χ.</span> <span class='ocrx_word' id='word_1_75' title='bbox 633 2561 739 2610; x_wconf 89' lang='lat' dir='ltr'>cccc.</span> <span class='ocrx_word' id='word_1_76' title='bbox 776 2562 899 2610; x_wconf 79' lang='lat' dir='ltr'>xxxix.</span> <span class='ocrx_word' id='word_1_77' title='bbox 953 2537 1052 2610; x_wconf 78' lang='lat' dir='ltr'>uinae</span> <span class='ocrx_word' id='word_1_78' title='bbox 1093 2535 1137 2610; x_wconf 91' lang='lat' dir='ltr'>ad</span> 
     </span>
     <span class='ocr_line' id='line_1_15' title="bbox 286 2650 1139 2750; baseline -0.002 -24"><span class='ocrx_word' id='word_1_79' title='bbox 286 2652 493 2727; x_wconf 89' lang='lat' dir='ltr'>Damianum</span> <span class='ocrx_word' id='word_1_80' title='bbox 524 2652 623 2750; x_wconf 86' lang='lat' dir='ltr'>Vigo.</span> <span class='ocrx_word' id='word_1_81' title='bbox 655 2654 783 2726; x_wconf 84' lang='lat' dir='ltr'>Ternae</span> <span class='ocrx_word' id='word_1_82' title='bbox 811 2651 856 2726; x_wconf 91' lang='lat' dir='ltr'>ad</span> <span class='ocrx_word' id='word_1_83' title='bbox 889 2650 1039 2726; x_wconf 90' lang='lat' dir='ltr'>eundem</span> <span class='ocrx_word' id='word_1_84' title='bbox 1073 2652 1139 2724; x_wconf 97' lang='lat' dir='ltr'>sub</span> 
     </span>
     <span class='ocr_line' id='line_1_16' title="bbox 284 2764 1138 2867; baseline -0.004 -25"><span class='ocrx_word' id='word_1_85' title='bbox 284 2767 493 2865; x_wconf 84' lang='lat' dir='ltr'>cognomine</span> <span class='ocrx_word' id='word_1_86' title='bbox 512 2767 628 2865; x_wconf 87' lang='lat' dir='ltr'>Burgi.</span> <span class='ocrx_word' id='word_1_87' title='bbox 661 2766 800 2867; x_wconf 87' lang='lat' dir='ltr'>Quibus</span> <span class='ocrx_word' id='word_1_88' title='bbox 825 2765 964 2841; x_wconf 86' lang='lat' dir='ltr'>accedit</span> <span class='ocrx_word' id='word_1_89' title='bbox 990 2768 1069 2840; x_wconf 89' lang='lat' dir='ltr'>Una</span> <span class='ocrx_word' id='word_1_90' title='bbox 1093 2764 1138 2839; x_wconf 91' lang='lat' dir='ltr'>ad</span> 
     </span>
     <span class='ocr_line' id='line_1_17' title="bbox 285 2880 1137 2980; baseline -0.005 -24"><span class='ocrx_word' id='word_1_91' title='bbox 285 2883 469 2957; x_wconf 85' lang='lat' dir='ltr'>Eusebium</span> <span class='ocrx_word' id='word_1_92' title='bbox 488 2884 605 2980; x_wconf 84' lang='lat' dir='ltr'>Burgo</span> <span class='ocrx_word' id='word_1_93' title='bbox 623 2881 919 2969; x_wconf 74' lang='lat' dir='ltr'>adolescentem»,</span> <span class='ocrx_word' id='word_1_94' title='bbox 946 2880 1004 2978; x_wconf 91' lang='lat' dir='ltr'>qui</span> <span class='ocrx_word' id='word_1_95' title='bbox 1023 2880 1137 2954; x_wconf 86' lang='lat' dir='ltr'>codex</span> 
     </span>
     <span class='ocr_line' id='line_1_18' title="bbox 283 2995 1139 3095; baseline 0 -25"><span class='ocrx_word' id='word_1_96' title='bbox 283 2997 512 3072; x_wconf 84' lang='lat' dir='ltr'>Ambrosiano</span> <span class='ocrx_word' id='word_1_97' title='bbox 530 2997 617 3071; x_wconf 92' lang='lat' dir='ltr'>libro</span> <span class='ocrx_word' id='word_1_98' title='bbox 634 2997 750 3071; x_wconf 90' lang='lat' dir='ltr'>similis</span> <span class='ocrx_word' id='word_1_99' title='bbox 775 3021 853 3070; x_wconf 87' lang='lat' dir='ltr'>esse</span> <span class='ocrx_word' id='word_1_100' title='bbox 879 2995 1023 3071; x_wconf 90' lang='lat' dir='ltr'>videtur.</span> <span class='ocrx_word' id='word_1_101' title='bbox 1052 2997 1139 3095; x_wconf 91' lang='lat' dir='ltr'>Quo</span> 
     </span>
     <span class='ocr_line' id='line_1_19' title="bbox 284 3111 1138 3188; baseline -0.005 0"><span class='ocrx_word' id='word_1_102' title='bbox 284 3112 412 3188; x_wconf 87' lang='lat' dir='ltr'>codice</span> <span class='ocrx_word' id='word_1_103' title='bbox 428 3113 502 3188; x_wconf 90' lang='lat' dir='ltr'>sine</span> <span class='ocrx_word' id='word_1_104' title='bbox 528 3113 635 3187; x_wconf 91' lang='lat' dir='ltr'>dubio</span> <span class='ocrx_word' id='word_1_105' title='bbox 662 3137 779 3187; x_wconf 90' lang='lat' dir='ltr'>usurus</span> <span class='ocrx_word' id='word_1_106' title='bbox 803 3128 877 3187; x_wconf 92' lang='lat' dir='ltr'>erat</span> <span class='ocrx_word' id='word_1_107' title='bbox 902 3111 1078 3185; x_wconf 89' lang='lat' dir='ltr'>Tomasini</span> <span class='ocrx_word' id='word_1_108' title='bbox 1106 3111 1138 3184; x_wconf 92' lang='lat' dir='ltr'>in</span> 
     </span>
     <span class='ocr_line' id='line_1_20' title="bbox 284 3226 1139 3327; baseline -0.002 -25"><span class='ocrx_word' id='word_1_109' title='bbox 284 3232 428 3327; x_wconf 79' lang='lat' dir='ltr'>Angelae</span> <span class='ocrx_word' id='word_1_110' title='bbox 444 3246 480 3303; x_wconf 90' lang='lat' dir='ltr'>et</span> <span class='ocrx_word' id='word_1_111' title='bbox 497 3232 598 3304; x_wconf 84' lang='lat' dir='ltr'>lsotae</span> <span class='ocrx_word' id='word_1_112' title='bbox 614 3230 803 3327; x_wconf 85' lang='lat' dir='ltr'>Nogarolae</span> <span class='ocrx_word' id='word_1_113' title='bbox 815 3252 959 3324; x_wconf 89' lang='lat' dir='ltr'>operum</span> <span class='ocrx_word' id='word_1_114' title='bbox 972 3226 1139 3317; x_wconf 81' lang='lat' dir='ltr'>editione,</span> 
     </span>
     <span class='ocr_line' id='line_1_21' title="bbox 285 3340 1139 3443; baseline -0.006 -24"><span class='ocrx_word' id='word_1_115' title='bbox 285 3371 387 3443; x_wconf 90' lang='lat' dir='ltr'>quam</span> <span class='ocrx_word' id='word_1_116' title='bbox 422 3345 455 3417; x_wconf 92' lang='lat' dir='ltr'>in</span> <span class='ocrx_word' id='word_1_117' title='bbox 491 3344 693 3443; x_wconf 87' lang='lat' dir='ltr'>praesatione</span> <span class='ocrx_word' id='word_1_118' title='bbox 726 3343 891 3441; x_wconf 86' lang='lat' dir='ltr'>operibus</span> <span class='ocrx_word' id='word_1_119' title='bbox 930 3340 1139 3416; x_wconf 87' lang='lat' dir='ltr'>Cassandrae</span> 
     </span>
     <span class='ocr_line' id='line_1_22' title="bbox 287 3456 1139 3557; baseline -0.005 -24"><span class='ocrx_word' id='word_1_120' title='bbox 287 3459 415 3534; x_wconf 88' lang='lat' dir='ltr'>Fidelis</span> <span class='ocrx_word' id='word_1_121' title='bbox 433 3460 609 3556; x_wconf 87' lang='lat' dir='ltr'>praemissa</span> <span class='ocrx_word' id='word_1_122' title='bbox 633 3484 672 3534; x_wconf 87' lang='lat' dir='ltr'>se</span> <span class='ocrx_word' id='word_1_123' title='bbox 693 3461 927 3557; x_wconf 84' lang='lat' dir='ltr'>evulgaturum</span> <span class='ocrx_word' id='word_1_124' title='bbox 944 3482 1022 3532; x_wconf 89' lang='lat' dir='ltr'>esse</span> <span class='ocrx_word' id='word_1_125' title='bbox 1041 3456 1139 3555; x_wconf 91' lang='lat' dir='ltr'>polli-</span> 
     </span>
     <span class='ocr_line' id='line_1_23' title="bbox 285 3572 1140 3676; baseline -0.006 -27"><span class='ocrx_word' id='word_1_126' title='bbox 285 3575 374 3650; x_wconf 89' lang='lat' dir='ltr'>citus</span> <span class='ocrx_word' id='word_1_127' title='bbox 398 3579 479 3649; x_wconf 85' lang='lat' dir='ltr'>est.&#39;</span> <span class='ocrx_word' id='word_1_128' title='bbox 507 3578 602 3676; x_wconf 85' lang='lat' dir='ltr'>Quae</span> <span class='ocrx_word' id='word_1_129' title='bbox 626 3575 729 3649; x_wconf 90' lang='lat' dir='ltr'>etiam</span> <span class='ocrx_word' id='word_1_130' title='bbox 759 3574 786 3648; x_wconf 89' lang='lat' dir='ltr'>si</span> <span class='ocrx_word' id='word_1_131' title='bbox 814 3573 858 3646; x_wconf 93' lang='lat' dir='ltr'>im</span> <span class='ocrx_word' id='word_1_132' title='bbox 885 3576 997 3648; x_wconf 87' lang='lat' dir='ltr'>lucem</span> <span class='ocrx_word' id='word_1_133' title='bbox 1016 3572 1140 3646; x_wconf 87' lang='lat' dir='ltr'>emissa</span> 
     </span>
    </p>
   </div>
   <div class='ocr_carea' id='block_1_3' title="bbox 286 3789 1140 4012">
    <p class='ocr_par' dir='ltr' id='par_1_3' title="bbox 286 3789 1140 4012">
     <span class='ocr_line' id='line_1_24' title="bbox 336 3789 1140 3843; baseline -0.004 0"><span class='ocrx_word' id='word_1_134' title='bbox 336 3797 346 3819; x_wconf 87' lang='grc'><em>·</em></span> <span class='ocrx_word' id='word_1_135' title='bbox 364 3793 464 3843; x_wconf 79' lang='lat' dir='ltr'>Confer</span> <span class='ocrx_word' id='word_1_136' title='bbox 489 3794 656 3843; x_wconf 65' lang='lat' dir='ltr'>«Clarissima</span> <span class='ocrx_word' id='word_1_137' title='bbox 681 3793 791 3842; x_wconf 66' lang='lat' dir='ltr'>Femina</span> <span class='ocrx_word' id='word_1_138' title='bbox 809 3790 961 3841; x_wconf 62' lang='lat' dir='ltr'>Cassandra·</span> <span class='ocrx_word' id='word_1_139' title='bbox 980 3789 1073 3840; x_wconf 82' lang='lat' dir='ltr'>Fidelis</span> <span class='ocrx_word' id='word_1_140' title='bbox 1090 3791 1140 3840; x_wconf 80' lang='lat' dir='ltr'>Ve-</span> 
     </span>
     <span class='ocr_line' id='line_1_25' title="bbox 286 3871 1140 3937; baseline -0.001 -16"><span class='ocrx_word' id='word_1_141' title='bbox 286 3882 353 3923; x_wconf 70' lang='lat' dir='ltr'>neto</span> <span class='ocrx_word' id='word_1_142' title='bbox 370 3874 491 3937; x_wconf 65' lang='lat' dir='ltr'>Epistola</span> <span class='ocrx_word' id='word_1_143' title='bbox 515 3882 541 3922; x_wconf 86' lang='lat' dir='ltr'>et</span> <span class='ocrx_word' id='word_1_144' title='bbox 566 3873 705 3922; x_wconf 82' lang='lat' dir='ltr'>Orationes</span> <span class='ocrx_word' id='word_1_145' title='bbox 728 3873 872 3934; x_wconf 67' lang='lat' dir='ltr'>posthumo</span> <span class='ocrx_word' id='word_1_146' title='bbox 888 3885 1015 3933; x_wconf 79' lang='lat' dir='ltr'>nunquam</span> <span class='ocrx_word' id='word_1_147' title='bbox 1031 3871 1140 3920; x_wconf 76' lang='lat' dir='ltr'>antebac</span> 
     </span>
     <span class='ocr_line' id='line_1_26' title="bbox 286 3950 1139 4012; baseline -0.004 -10"><span class='ocrx_word' id='word_1_148' title='bbox 286 3953 371 4002; x_wconf 66' lang='lat' dir='ltr'>edita.</span> <span class='ocrx_word' id='word_1_149' title='bbox 391 3956 441 4004; x_wconf 82' lang='lat' dir='ltr'>lac.</span> <span class='ocrx_word' id='word_1_150' title='bbox 460 3954 524 4003; x_wconf 83' lang='lat' dir='ltr'>Phil.</span> <span class='ocrx_word' id='word_1_151' title='bbox 543 3955 696 4003; x_wconf 77' lang='lat' dir='ltr'>Tomasinua</span> <span class='ocrx_word' id='word_1_152' title='bbox 712 3967 728 4002; x_wconf 84' lang='lat' dir='ltr'>e</span> <span class='ocrx_word' id='word_1_153' title='bbox 745 3954 782 4002; x_wconf 83' lang='lat' dir='ltr'>M.</span> <span class='ocrx_word' id='word_1_154' title='bbox 794 3953 838 4002; x_wconf 80' lang='lat'>88.</span> <span class='ocrx_word' id='word_1_155' title='bbox 851 3952 990 4012; x_wconf 68' lang='lat' dir='ltr'>recensuit,</span> <span class='ocrx_word' id='word_1_156' title='bbox 1005 3950 1139 4000; x_wconf 68' lang='lat' dir='ltr'>Promissa</span> 
     </span>
    </p>
   </div>
   <div class='ocr_carea' id='block_1_4' title="bbox 0 0 1469 5168">
    <p class='ocr_par' dir='ltr' id='par_1_4' title="bbox 0 0 1469 5168">
     <span class='ocr_line' id='line_1_27' title="bbox 0 0 1469 5168; baseline 0 0"><span class='ocrx_word' id='word_1_157' title='bbox 0 0 1469 5168; x_wconf 95' lang='lat' dir='ltr'> </span> 
     </span>
    </p>
   </div>
  </div>
 </body>
</html>
