2850 4694
814 578 933 624 cxxvttt

447 734 471 782 in
484 732 543 782 ocio
560 745 609 781 non
626 731 681 780 sine
704 743 795 794 magno
819 728 963 793 dispendio,
982 744 1015 779 ne
1039 729 1120 779 dicam
1137 744 1236 779 summo
1253 729 1298 779 de-

446 811 554 871 decore,
569 819 620 861 tem
636 811 776 874 proculab
794 812 859 860 urbe
877 810 979 873 [Roma]
995 810 1104 860 abluisti.
1123 812 1219 859 Verum
1232 811 1299 860 enim

446 905 511 943 vero
529 893 578 941 ltoe
603 904 678 940 unum
699 899 774 942 certo
790 891 863 949 scito,
882 903 1008 953 nunquam
1026 893 1075 939 ulla
1092 904 1168 940 cause
1184 891 1247 939 meis
1264 891 1301 940 lit·

447 972 510 1022 teris
533 971 567 1021 de
592 986 633 1021 me
649 971 693 1020 tibi
709 985 781 1034 spem
798 969 1000 1033 adempturum·
1019 970 1087 1032 Quae
1104 971 1158 1019 sine
1175 969 1255 1020 dubio
1268 986 1301 1020 eo

447 1059 573 1116 spectant,
591 1050 663 1112 quod
689 1050 750 1099 Pius
767 1051 797 1099 11.
817 1051 891 1099 Pont.
911 1051 979 1099 Max.
998 1050 1124 1099 Contraril
1141 1051 1200 1099 olim
1218 1051 1302 1100 lautor

448 1146 506 1183 moa
528 1139 625 1182 mutato
648 1131 732 1180 animo
756 1145 815 1179 eum
840 1144 889 1180 non
914 1132 996 1179 solum
1019 1131 1148 1193 parochia,
1167 1132 1207 1180 cui
1223 1134 1302 1193 paulo

448 1219 508 1276 poet
533 1211 685 1274 pontificiam
709 1217 863 1273 potestatem
879 1209 998 1272 adeptam
1016 1211 1177 1273 praefecerat,
1196 1211 1301 1273 privavit

448 1290 529 1355 (quod
553 1298 612 1354 post
636 1304 659 1340 a
688 1300 748 1352 ¹⁴59
769 1290 861 1339 iactum
885 1302 944 1338 esse
969 1289 1029 1339 vidit
1054 1291 1176 1353 Agostini,
1195 1305 1218 1339 a.
1242 1293 1300 1349 ¹⁴⁶²

447 1371 540 1422 laetum
568 1384 628 1420 ease
652 1383 719 1420 nune
744 1369 874 1433 discimus)
900 1368 948 1418 sed
972 1371 1047 1419 etiam
1066 1371 1090 1418 in
1107 1371 1207 1419 exilium
1224 1370 1297 1418 misit.

448 1450 529 1501 Cuius
551 1450 587 1500 rel
604 1463 704 1499 causam
721 1451 769 1499 iam
786 1463 835 1499 nort
853 1450 1010 1513 Agostinium
1032 1451 1115 1499 secuti
1139 1451 1162 1498 in
1186 1450 1301 1499 insolenti

447 1529 559 1580 Andreo
590 1543 723 1588 sermone,
756 1527 803 1578 sed
838 1529 925 1592 potius
955 1529 978 1577 in
1016 1527 1155 1578 libidinosis
1189 1530 1302 1579 moribus

447 1624 642 1673 quaeremus·
653 1610 776 1659 Ceterum
794 1609 916 1672 epistolas
931 1610 955 1658 in
972 1608 1065 1659 oodioe
1076 1610 1181 1658 Senensi
1189 1618 1302 1658 servatas

449 1693 526 1743 leot·
550 1691 688 1754 Negarolae
705 1690 791 1739 tribuit
815 1690 935 1739 Emanuel
955 1689 1069 1753 Cioogna
1092 1690 1115 1736 in
1143 1690 1231 1738 litteris
1258 1689 1300 1738 die

449 1773 482 1822 Χ.
509 1771 603 1820 mensis
630 1770 691 1819 lunii
714 1784 737 1819 a.
764 1769 822 1833 1853
855 1768 887 1818 ad
913 1769 1044 1819 cesarem
1068 1768 1201 1819 Cavattoni
1226 1768 1298 1827 datis,

448 1865 555 1914 quarum
574 1852 750 1914 apographum
766 1849 836 1914 apud
852 1850 1021 1900 Alexandrum
1038 1849 1164 1899 Comitem
1181 1849 1299 1911 Apponyl

447 1939 601 1983 asservatur.
629 1932 671 1981 De
693 1931 787 1992 quibus
814 1930 928 1995 Cioogna
945 1932 1000 1981 base
1017 1930 1040 1979 in
1058 1929 1123 1978 libro
1140 1928 1183 1989 qui
1209 1928 1299 1976 «Dalle

449 2012 592 2064 inseriaioni
608 2011 767 2061 veneziane·
785 2011 929 2061 inscribitur
945 2010 997 2074 (vl.
1016 2024 1041 2072 p.
1063 2009 1116 2070 toa)
1133 2008 1229 2058 relert:
1256 2009 1299 2056 alo

449 2091 573 2158 poasiedo
595 2093 618 2142 in
643 2092 719 2154 copia
734 2099 838 2153 quattro
854 2093 947 2140 lettere
963 2087 1059 2138 inediae
1075 2087 1100 2136 di
1118 2090 1197 2137 lsotta
1214 2087 1298 2151 Noge-

449 2177 504 2225 rola
526 2171 620 2222 dirette
636 2171 668 2221 ad
686 2170 789 2221 Andrea
813 2170 957 2229 contrario,
977 2168 1011 2218 ed
1028 2182 1060 2217 un
1075 2169 1139 2217 altra
1154 2167 1180 2217 di
1196 2166 1299 2216 Andrea

449 2253 586 2305 contrario
601 2251 634 2301 ad
650 2266 719 2311 esse,
735 2248 804 2301 delle
820 2251 887 2313 quali
904 2252 997 2299 lettere
1014 2247 1039 2297 di
1054 2250 1133 2298 lsotta
1144 2246 1213 2297 diedi
1225 2248 1300 2311 copia

447 2337 472 2385 al
489 2334 575 2384 nobile
598 2332 733 2395 Gluseppe
750 2330 784 2381 de
800 2330 896 2381 scolari
912 2325 1061 2392 presidente
1076 2331 1100 2378 al
1117 2329 1257 2378 Tribunale
1274 2328 1300 2377 di

449 2413 613 2465 commercio
636 2413 660 2462 in
684 2411 805 2470 Venetia,
822 2412 872 2461 elte
889 2424 921 2460 ne
937 2410 963 2460 lu
981 2409 1102 2460 mltieato
1118 2409 1160 2459 dal
1176 2407 1300 2458 suddetto

449 2493 580 2553 Camoni
597 2495 638 2542 nel
657 2491 683 2541 dl
702 2503 729 2555 ²l
744 2490 825 2553 aprile
835 2491 918 2553 ιθςμ
929 2490 1043 2554 Clcogna
1057 2489 1132 2554 igitur
1148 2503 1213 2539 voce
1230 2489 1301 2539 Maria

449 2573 517 2624 idam
528 2573 600 2636 quod
612 2569 745 2637 Magnifica
755 2571 797 2620 vel
808 2569 890 2620 Maria
898 2568 940 2635 (ad
952 2571 1076 2620 bonorem
1089 2569 1162 2618 Marii
1175 2569 1299 2632 Philelplti

450 2651 1165 2716 lsoteainditum)aignitlcariputat,emoremautemerga
1173 2648 1300 2698 Andream

449 2734 610 2785 Contrarium
637 2733 721 2783 netum
745 2729 873 2794 quendam
896 2744 1009 2781 amorem
1032 2744 1092 2780 esse
1114 2729 1191 2779 dicit:
1216 2731 1301 2778 aiolo

449 2823 529 2879 tengo
550 2827 599 2877 per
623 2827 655 2862 un
679 2826 768 2862 amore
792 2813 861 2874 nnto,
886 2812 1018 2862 fantastico
1042 2824 1120 2861 ωηο
1134 2818 1172 2860 tra
1188 2823 1300 2872 persone

450 2895 500 2946 clte
516 2894 563 2944 mal
580 2907 631 2944 non
654 2893 675 2944 ai
698 2891 808 2944 viddero
827 2892 860 2943 ne
876 2892 897 2942 ai
916 2891 1070 2943 conobbero
1086 2889 1111 2940 dl
1128 2903 1248 2954 persone,
1267 2903 1300 2937 un

449 2988 537 3025 amore
560 2972 660 3024 dettato
682 2986 732 3037 per
753 2973 808 3024 eosl
824 2971 880 3022 dire
896 2970 929 3022 ad
946 2971 1070 3022 eserciaio
1086 2969 1111 3020 di
1128 2971 1212 3035 lingua
1227 2970 1301 3019 latina

450 3054 508 3105 edi
522 3057 673 3118 eloquenza,
698 3053 768 3103 forse
790 3051 886 3103 diretto
905 3052 940 3102 da
955 3053 1065 3114 qualebe
1080 3053 1182 3100 valente
1199 3058 1300 3112 precet-

451 3145 509 3187 tore
525 3133 656 3184 d'isottaa.
665 3133 726 3197 Qua
741 3133 765 3182 in
782 3147 812 3182 re
828 3145 905 3182 nemo
924 3131 1062 3191 mirabitur,
1074 3129 1146 3193 quod
1158 3129 1299 3179 Cavattonli

449 3229 581 3267 aaaenaum
605 3227 655 3264 non
678 3222 718 3264 est
734 3222 831 3264 nactus.
856 3215 951 3264 Verum
968 3211 1029 3262 vidit
1044 3211 1118 3261 etiam
1144 3211 1300 3273 Hippolytus

452 3296 606 3358 Beatilacqua
629 3295 653 3343 in
681 3294 748 3345 libro
774 3294 947 3357 manuscripto
981 3293 1005 3343 in
1036 3291 1195 3341 Bibliotheca
1223 3290 1301 3338 Urbis

450 3378 563 3428 verone
600 3383 732 3425 asservato
765 3383 792 3425 et
820 3372 1013 3425 aOsseruaaioni
1038 3384 1117 3434 sopra
1144 3372 1166 3418 la
1197 3371 1300 3418 verona

452 3457 589 3506 llluatrataa
614 3455 744 3519 inscripto,
769 3456 864 3517 inquo
889 3467 939 3504 non
960 3454 1043 3503 solum
1070 3450 1175 3500 nominis
1192 3463 1300 3499 morum-

450 3549 503 3600 que
519 3535 699 3596 diversitatem,
716 3534 765 3586 aed
780 3534 807 3585 id
822 3546 930 3598 quoque
945 3545 1044 3583 summo
1060 3531 1115 3581 iure
1130 3531 1214 3592 allent,
1229 3527 1301 3593 quod
