2850 4694
668 555 732 605 CXX

326 719 351 756 ⁴7
370 714 438 762 lsota
463 712 558 761 lulisno
582 710 696 760 Cesarini
713 709 839 761 cardinali
856 710 898 760 die
915 712 1014 760 xxix.
1034 712 1125 761 mensis

275 793 358 844 Martii
367 808 390 842 a.
404 793 464 853 ¹⁴³⁰
475 806 506 841 ex
516 793 582 841 urbe
590 793 693 842 Verona
700 793 809 854 scripsit,
819 790 861 840 die
870 792 929 839 ΧΧ.
940 803 1026 840 sutem
1034 793 1126 841 mensis

273 874 379 936 Augusti
404 872 520 922 eiusdem
544 873 600 921 anni
624 872 762 920 Damianus
788 872 887 933 Burgus
910 869 942 919 ad
968 874 1059 920 lsotsm
1079 872 1125 920 iam

272 954 393 1002 venetias
401 953 464 1001 misit
475 953 577 1000 litteras.
587 951 650 1013 Quo
667 959 785 1011 tempore
802 961 887 1000 sutem
905 953 1049 1013 pestilentia
1065 966 1124 1014 queo

273 1033 430 1096 Nogsrolam
447 1032 560 1081 lamilism
578 1032 601 1080 in
618 1031 701 1094 lugam
719 1033 872 1093 compulisse
898 1031 999 1082 videtur
1015 1034 1126 1080 Veronae

272 1113 396 1175 inceperit
405 1120 526 1162 accurate
534 1110 631 1160 definiri
643 1125 692 1159 non
701 1119 788 1173 potest
800 1113 951 1173 ;probabile
963 1121 1045 1161 tamen
1057 1111 1126 1160 vide-

272 1201 315 1243 tur
342 1194 391 1242 hoc
408 1200 518 1242 exeunte
542 1205 629 1240 mense
648 1191 711 1240 lulio
728 1193 769 1239 vel
786 1192 888 1240 ineunte
907 1206 993 1240 mense
1009 1195 1126 1253 Augusto

272 1272 365 1323 laetum
383 1285 460 1332 esse;
477 1285 586 1333 namque
605 1269 700 1321 eodem
717 1270 772 1320 lere
780 1279 898 1334 tempore
909 1272 998 1320 Brixiae
1010 1285 1124 1332 quoque,

273 1431 342 1496 apud
359 1445 437 1494 quem
461 1440 605 1481 securatam
624 1431 683 1480 belli
701 1431 790 1480 Gallici
808 1432 975 1481 narrationem
993 1434 1071 1494 legas,
1090 1441 1127 1479 te-

273 1519 355 1562 statur
378 1512 502 1576 (Histoire
519 1510 567 1561 des
585 1511 753 1574 republiques
770 1511 901 1560 italiennes
918 1512 952 1561 du
971 1526 1061 1575 moyen
1078 1512 1126 1574 ige

274 1592 319 1641 lx.
344 1605 370 1654 p.
402 1592 472 1656 solil:
499 1593 551 1641 «La
576 1600 651 1654 peste
676 1589 763 1641 s'etolt
786 1591 934 1641 manifestee
951 1593 1014 1641 dans
1031 1595 1053 1641 la
1070 1593 1127 1640 ville

273 1671 383 1734 [Brixia]
407 1669 456 1720 des
481 1673 505 1720 le
530 1671 593 1720 mois
615 1669 721 1730 d'aoit;
743 1672 871 1733 plusieurs
896 1672 1010 1733 citoyens
1026 1672 1126 1720 evolent

274 1750 327 1813 pris
343 1753 366 1798 ls
383 1749 445 1799 luite
461 1749 476 1798 l
493 1751 645 1812 l'approche
662 1748 696 1799 de
714 1763 745 1799 ce
762 1749 852 1800 lienus

325 1824 350 1874 ⁴⁸
374 1829 441 1880 Olim
465 1832 590 1893 Angelum
616 1831 721 1880 Mariam
737 1830 836 1893 Quirini
852 1837 957 1879 secutus
975 1830 1126 1877 Brunorium

273 1910 426 1961 Gsmbsram
453 1908 565 1958 eundem
598 1923 630 1960 se
657 1912 761 1959 Petrum
790 1909 941 1958 Brunorium
969 1911 1126 1958 Venetorum

274 1990 367 2039 militiae
392 1987 485 2039 ducem
503 1988 580 2038 luisse
597 1988 703 2039 credidi.
721 1990 772 2039 Sed
791 1989 896 2038 meliora
912 2002 952 2037 me
970 1988 1057 2037 docuit
1076 1990 1125 2036 Fri-

273 2066 376 2119 dericus
400 2067 507 2120 Odorici
525 2070 548 2118 in
565 2067 738 2131 descriptione
755 2069 920 2132 genealogica
937 2069 1033 2117 familiae
1051 2069 1126 2118 Gam-

274 2148 343 2198 barae
367 2148 437 2212 apud
465 2149 617 2212 Pompeium
645 2150 743 2208 Littam,
770 2148 838 2198 unde
861 2151 917 2199 haec
941 2147 974 2197 de
1001 2150 1126 2198 Brunorio

274 2229 402 2278 Gambsra
427 2241 571 2292 excerpere
595 2229 678 2278 iuvet:
697 2229 819 2278 «anoro
831 2229 928 2290 lMsllei
945 2230 1019 2289 filius}
1037 2230 1127 2277 Came-

275 2308 341 2357 riere
366 2307 391 2356 di
416 2309 517 2372 Filippo
542 2309 623 2358 Meris
647 2309 769 2368 visconti,
785 2307 827 2357 dal
843 2311 921 2369 quale
939 2312 980 2358 nel
1000 2321 1025 2368 13
1044 2323 1127 2357 marzo

278 2390 337 2447 1426
353 2396 459 2437 ottenne
472 2389 496 2436 in
507 2386 578 2438 dono
595 2391 618 2437 la
634 2396 704 2437 terra
720 2387 745 2437 di
762 2387 948 2438 castenedulo.
968 2390 1048 2438 Poeni
1065 2390 1127 2436 mesi

275 2465 347 2530 dopo
365 2469 484 2531 largivslo
500 2466 526 2516 di
545 2482 594 2518 una
609 2469 707 2518 cassin
726 2467 802 2517 Paria
819 2482 834 2517 e
851 2466 894 2517 del
911 2469 1028 2531 villaggio
1045 2469 1070 2516 di
1080 2470 1128 2517 Vil-

276 2549 389 2612 lsreggio
414 2548 437 2596 in
462 2550 501 2598 sul
527 2562 631 2612 pavese.
656 2548 758 2610 Queste
776 2549 964 2598 benemerenze
982 2563 1031 2597 non
1050 2563 1128 2597 erano

274 2642 290 2677 s
312 2641 391 2678 caso:
417 2629 476 2679 lore·
503 2642 569 2679 anco
593 2643 625 2678 ne
649 2631 673 2678 le
690 2629 818 2692 premiava
834 2643 883 2692 per
899 2630 992 2679 essersi
1011 2630 1129 2678 Brunoro

277 2710 342 2758 tulto
369 2710 408 2757 all'
435 2708 596 2759 obbedienzs
620 2707 687 2758 della
712 2709 864 2772 repubblics
890 2709 915 2757 di
943 2710 1053 2757 Venerio
1081 2723 1129 2769 per

276 2787 343 2837 darsi
370 2802 386 2837 s
410 2789 452 2838 lui.
477 2790 631 2838 veramente
656 2791 722 2838 nella
746 2788 839 2838 ducale
866 2802 876 2848 3
902 2790 1043 2838 settembre
1071 2801 1128 2847 14²7

277 2876 352 2918 truvo
369 2881 494 2918 concesse
516 2882 532 2917 s
555 2867 668 2918 Marsilio
685 2866 711 2917 di
729 2867 856 2919 Federico
872 2868 899 2917 di
917 2870 1012 2917 Malieo
1030 2869 1129 2929 [Marsi-

276 2949 324 2998 lius
342 2948 457 2997 Brunorii
475 2955 582 3011 patruus
599 2947 654 3010 luit]
671 2949 695 2996 le
712 2947 844 3011 proprieta
860 2949 998 2998 confiscate
1014 2949 1037 2996 sl
1055 2948 1129 2995 ribel-

277 3030 328 3078 lsto
355 3029 473 3078 Brunoro
489 3042 504 3076 e
521 3029 609 3089 quelle
625 3028 650 3078 di
668 3029 765 3078 Msdeo
781 3028 881 3078 lratello
897 3026 922 3078 di
941 3029 1061 3087 Marsilio,
1080 3041 1128 3076 con

277 3115 373 3170 questo
389 3109 438 3158 che
454 3105 522 3157 dove
540 3108 679 3159 ritomssse
696 3109 815 3159 Brunoro
831 3111 871 3158 sll'
891 3108 1015 3170 ossequio
1032 3121 1047 3156 e
1065 3110 1130 3155 nella

278 3187 361 3251 gruis
377 3186 444 3236 della
462 3188 620 3250 repubblica‚
640 3189 672 3252 gli
691 3189 825 3239 venissero
841 3203 916 3238 senza
932 3189 975 3251 pit't
993 3188 1127 3237 restituite.

278 3267 421 3316 Vedemmo
446 3281 494 3316 suo
514 3268 553 3316 zio
571 3269 684 3317 Mamilio
700 3268 837 3317 chiedente
855 3283 903 3317 una
919 3269 1064 3332 provisione
1082 3282 1130 3328 per

276 3346 363 3397 vivere
388 3349 429 3396 nel
454 3359 522 3408 14²7·
548 3350 591 3397 Ma
616 3351 639 3397 ls
654 3347 715 3398 cittl
739 3346 764 3397 di
791 3349 894 3399 Brescia
909 3349 998 3398 debbe
1014 3363 1029 3397 a
1045 3350 1130 3410 questi

278 3423 312 3475 ed
327 3440 343 3475 s
360 3428 479 3477 Brunoro
495 3428 576 3493 (¹437)
593 3429 673 3478 l'area
689 3425 714 3476 di
726 3442 760 3477 un
771 3436 893 3489 mercato,
905 3431 953 3478 che
966 3429 990 3478 lu
1003 3437 1130 3478 costrutto

279 3506 302 3553 in
327 3504 449 3555 contrade
477 3506 519 3555 dei
547 3507 675 3558 Cambars
696 3521 713 3557 o
740 3508 858 3567 Torzsni,
876 3522 922 3557 ora
947 3511 1065 3557 Mercato
1088 3508 1121 3556 de
