2850 4694
684 562 723 608 xt

274 719 443 819 prioribus
460 717 616 793 eiusdem
636 717 796 792 Damiani
814 718 933 793 litteris
950 718 995 793 de
1014 745 1124 794 rerum

273 851 362 909 statu
389 850 425 908 ut
451 834 513 907 illis
530 833 742 932 temporibus
758 835 909 908 Veronae
938 835 1019 909 satis
1036 853 1125 909 tran·

275 950 382 1048 quillo
415 950 581 1024 certiores
619 948 700 1023 [acti
735 965 861 1039 essent,
896 974 1046 1048 cumque
1079 976 1125 1025 eo

273 1065 453 1139 consilium
483 1081 519 1138 et
544 1088 669 1161 preces
703 1064 903 1154 Camerarii,
942 1066 1043 1139 lsotae
1069 1091 1126 1139 so-

273 1180 372 1270 rorii,
412 1178 503 1254 haud
546 1178 651 1254 dubie
699 1178 928 1269 accederent,
975 1197 1125 1254 exeunte

273 1321 391 1370 mense
417 1295 571 1370 Ianuario
592 1297 646 1369 vel
673 1295 811 1369 ineunte
838 1296 1037 1386 Februario,
1057 1322 1125 1370 non

273 1428 407 1512 postea,
442 1411 474 1484 in
509 1411 649 1509 patriam
686 1412 811 1484 reversi
845 1429 932 1485 sunt.
973 1414 1062 1485 Nam
1097 1413 1124 1486 si

272 1527 386 1601 adhuc
407 1526 562 1600 Venetiis
579 1526 786 1600 audivissent
805 1527 988 1600 Nicolaum
1010 1528 1125 1601 Picin-

273 1644 387 1717 ninum
430 1642 576 1716 hostium
614 1640 739 1715 ducem
782 1641 840 1715 die
873 1646 964 1716 xm.
1001 1643 1126 1717 mensis

274 1758 449 1832 Februarii
471 1774 593 1832 contra
609 1782 706 1856 spem
725 1759 875 1832 omnium
895 1759 1013 1831 iterum
1032 1783 1126 1832 arma

272 1874 456 1973 sumpsisse
498 1891 535 1948 et
577 1875 796 1948 Franciscum
840 1875 998 1948 Ssortiam
1033 1874 1125 1973 apud

274 1989 422 2063 Brixiam
436 2014 550 2088 pugna
562 1988 743 2078 devicisse,
753 1990 807 2061 vix
816 1991 989 2063 Veronam
999 1991 1125 2064 reversi

273 2121 400 2194 essent,
416 2104 471 2177 ubi
481 2103 652 2203 quottidie
667 2105 812 2178 hostium
828 2105 991 2203 impetum
1005 2106 1125 2179 timere

272 2218 458 2293 debebant.
472 2221 600 2317 Neque
619 2237 733 2293 tamen
748 2245 809 2294 cur
827 2221 943 2294 mutati
963 2221 1125 2295 domicilii

273 2360 336 2409 eos
354 2334 552 2433 poeniteret,
572 2337 638 2408 ulla
655 2360 759 2409 causa
780 2336 829 2408 eis
856 2336 935 2410 data
956 2352 1020 2426 est,
1048 2362 1124 2410 nam

277 2452 373 2524 Mars
398 2450 517 2549 patriae
552 2450 624 2523 urbi
659 2449 692 2521 in
726 2466 881 2524 extrema
914 2452 993 2525 betti
1028 2468 1125 2550 parte

274 2565 432 2664 pepercit
457 2581 493 2639 et
518 2582 599 2664 post
632 2565 767 2639 unicum
802 2567 963 2664 proelium
994 2593 1126 2642 memo-

198 2681 200 2684 ’
273 2681 379 2755 rabile
397 2680 493 2779 quod
507 2706 553 2754 eo
566 2705 657 2754 anno
675 2681 802 2755 accidit
819 2681 911 2780 apud
930 2683 1125 2780 Cignanum

272 2795 330 2870 die
355 2798 472 2869 XXV.
499 2797 623 2871 mensis
641 2797 723 2870 iunii
741 2822 770 2871 a.
798 2823 881 2892 1441
905 2798 1124 2871 commissum

274 2937 355 2985 mox
381 2910 426 2985 de
444 2936 534 3011 pace
551 2912 606 3010 agi
624 2930 781 3011 coeptum
805 2930 868 3001 est,
888 2938 968 3011 quae
986 2912 1124 2987 demum

274 3052 392 3101 mense
412 3029 603 3101 Novembri
621 3028 776 3102 eiusdem
796 3028 873 3101 anni
892 3030 1063 3103 convenit.

323 3144 373 3215 Ex
391 3169 462 3242 quo
479 3159 637 3242 tempore
665 3146 844 3241 Nogarola
866 3144 991 3218 familia
1013 3145 1045 3217 in
1064 3171 1125 3244 pa·v

273 3257 478 3332 triamrediit
488 3284 606 3350 novus,
619 3260 709 3332 utita
722 3259 901 3349 dicam,ab
913 3263 1002 3333 Isota
1013 3286 1120 3334 rerunt

272 3371 317 3446 ad
342 3372 444 3447 vitam
470 3374 544 3449 eius
570 3376 810 3472 pertinentium
842 3375 932 3449 ordo
963 3377 1103 3450 nascitur

272 3486 552 3586 quandoquidem
563 3515 638 3564 eam
650 3491 817 3588 neglectis
826 3492 998 3565 veteribus
1007 3492 1102 3565 amia
