<?xml version="1.0" encoding="UTF-8"?>
<!DOCTYPE html PUBLIC "-//W3C//DTD XHTML 1.0 Transitional//EN"
    "http://www.w3.org/TR/xhtml1/DTD/xhtml1-transitional.dtd">
<html xmlns="http://www.w3.org/1999/xhtml" xml:lang="en" lang="en">
 <head>
  <title>
</title>
<meta http-equiv="Content-Type" content="text/html;charset=utf-8" />
  <meta name='ocr-system' content='tesseract 3.04.00' />
  <meta name='ocr-capabilities' content='ocr_page ocr_carea ocr_par ocr_line ocrx_word'/>
</head>
<body>
  <div class='ocr_page' id='page_1' title='image "./isotnogarolvero00nogagoog/isotnogarolvero00nogagoog_0095.png"; bbox 0 0 2850 4694; ppageno 0'>
   <div class='ocr_carea' id='block_1_1' title="bbox 531 609 636 657">
    <p class='ocr_par' dir='ltr' id='par_1_1' title="bbox 531 609 636 657">
     <span class='ocr_line' id='line_1_1' title="bbox 531 609 636 657; baseline -0.01 0"><span class='ocrx_word' id='word_1_1' title='bbox 531 609 636 657; x_wconf 79' lang='lat' dir='ltr'>lxxxv</span> 
     </span>
    </p>
   </div>
   <div class='ocr_carea' id='block_1_2' title="bbox 149 764 1010 3627">
    <p class='ocr_par' dir='ltr' id='par_1_2' title="bbox 149 764 1010 3627">
     <span class='ocr_line' id='line_1_2' title="bbox 158 764 1009 828; baseline 0.004 -16"><span class='ocrx_word' id='word_1_2' title='bbox 158 779 180 812; x_wconf 84' lang='lat' dir='ltr'>tn</span> <span class='ocrx_word' id='word_1_3' title='bbox 207 767 257 814; x_wconf 86' lang='lat' dir='ltr'>boc</span> <span class='ocrx_word' id='word_1_4' title='bbox 279 765 346 814; x_wconf 90' lang='lat' dir='ltr'>enim</span> <span class='ocrx_word' id='word_1_5' title='bbox 364 766 430 815; x_wconf 92' lang='lat' dir='ltr'>libro</span> <span class='ocrx_word' id='word_1_6' title='bbox 452 765 559 815; x_wconf 78' lang='lat' dir='ltr'>meede</span> <span class='ocrx_word' id='word_1_7' title='bbox 576 779 610 814; x_wconf 87' lang='lat' dir='ltr'>eo</span> <span class='ocrx_word' id='word_1_8' title='bbox 627 766 734 828; x_wconf 86' lang='lat' dir='ltr'>legimus</span> <span class='ocrx_word' id='word_1_9' title='bbox 751 766 785 815; x_wconf 89' lang='lat' dir='ltr'>de</span> <span class='ocrx_word' id='word_1_10' title='bbox 802 774 921 828; x_wconf 90' lang='lat' dir='ltr'>ternpore</span> <span class='ocrx_word' id='word_1_11' title='bbox 937 764 1009 828; x_wconf 89' lang='lat' dir='ltr'>quod</span> 
     </span>
     <span class='ocr_line' id='line_1_3' title="bbox 157 845 1010 908; baseline 0.001 -15"><span class='ocrx_word' id='word_1_12' title='bbox 157 847 223 894; x_wconf 87' lang='lat' dir='ltr'>inter</span> <span class='ocrx_word' id='word_1_13' title='bbox 233 846 319 895; x_wconf 80' lang='lat' dir='ltr'>metris</span> <span class='ocrx_word' id='word_1_14' title='bbox 330 853 356 894; x_wconf 89' lang='lat' dir='ltr'>et</span> <span class='ocrx_word' id='word_1_15' title='bbox 368 846 467 896; x_wconf 85' lang='lat' dir='ltr'>sororis</span> <span class='ocrx_word' id='word_1_16' title='bbox 479 847 555 895; x_wconf 80' lang='lat' dir='ltr'>lsotre</span> <span class='ocrx_word' id='word_1_17' title='bbox 570 853 679 895; x_wconf 86' lang='lat' dir='ltr'>mortem</span> <span class='ocrx_word' id='word_1_18' title='bbox 691 845 828 895; x_wconf 76' lang='lat' dir='ltr'>intercedit</span> <span class='ocrx_word' id='word_1_19' title='bbox 849 845 1010 908; x_wconf 77' lang='grc' dir='ltr'><strong>(ι4όι-6ό);</strong></span> 
     </span>
     <span class='ocr_line' id='line_1_4' title="bbox 157 924 1009 989; baseline 0.004 -18"><span class='ocrx_word' id='word_1_20' title='bbox 157 927 257 987; x_wconf 73' lang='lat' dir='ltr'>«Atque</span> <span class='ocrx_word' id='word_1_21' title='bbox 282 924 446 975; x_wconf 78' lang='lat' dir='ltr'>Leonerdum</span> <span class='ocrx_word' id='word_1_22' title='bbox 463 925 596 975; x_wconf 76' lang='lat' dir='ltr'>Vincentio</span> <span class='ocrx_word' id='word_1_23' title='bbox 613 926 698 988; x_wconf 78' lang='lat' dir='ltr'>prisce</span> <span class='ocrx_word' id='word_1_24' title='bbox 715 927 823 989; x_wconf 90' lang='lat' dir='ltr'>recepit,</span> <span class='ocrx_word' id='word_1_25' title='bbox 842 926 965 989; x_wconf 84' lang='lat' dir='ltr'>Coniugis</span> <span class='ocrx_word' id='word_1_26' title='bbox 982 934 1009 974; x_wconf 95' lang='lat' dir='ltr'>ut</span> 
     </span>
     <span class='ocr_line' id='line_1_5' title="bbox 156 1005 1008 1067; baseline 0.002 -14"><span class='ocrx_word' id='word_1_27' title='bbox 156 1012 253 1054; x_wconf 89' lang='lat' dir='ltr'>tutetur</span> <span class='ocrx_word' id='word_1_28' title='bbox 268 1018 335 1067; x_wconf 86' lang='lat' dir='ltr'>opes</span> <span class='ocrx_word' id='word_1_29' title='bbox 360 1007 527 1066; x_wconf 79' lang='lat' dir='ltr'><strong>cumuletque</strong></span> <span class='ocrx_word' id='word_1_30' title='bbox 552 1006 696 1055; x_wconf 79' lang='lat' dir='ltr'>nomismm.</span> <span class='ocrx_word' id='word_1_31' title='bbox 724 1007 799 1055; x_wconf 77' lang='lat' dir='ltr'>Anno</span> <span class='ocrx_word' id='word_1_32' title='bbox 820 1005 923 1055; x_wconf 88' lang='lat' dir='ltr'>demum</span> <span class='ocrx_word' id='word_1_33' title='bbox 949 1018 1008 1066; x_wconf 78' lang='lat'>1⁴77</span> 
     </span>
     <span class='ocr_line' id='line_1_6' title="bbox 156 1084 1009 1146; baseline 0.004 -13"><span class='ocrx_word' id='word_1_34' title='bbox 156 1085 352 1134; x_wconf 83' lang='lat' dir='ltr'>Protonoterius</span> <span class='ocrx_word' id='word_1_35' title='bbox 385 1086 551 1146; x_wconf 78' lang='lat' dir='ltr'>Apostolicus</span> <span class='ocrx_word' id='word_1_36' title='bbox 578 1085 674 1134; x_wconf 86' lang='lat' dir='ltr'>dicitur</span> <span class='ocrx_word' id='word_1_37' title='bbox 701 1086 724 1133; x_wconf 90' lang='lat' dir='ltr'>in</span> <span class='ocrx_word' id='word_1_38' title='bbox 754 1084 848 1135; x_wconf 84' lang='lat' dir='ltr'>Olflcio</span> <span class='ocrx_word' id='word_1_39' title='bbox 875 1093 901 1135; x_wconf 87' lang='lat' dir='ltr'>et</span> <span class='ocrx_word' id='word_1_40' title='bbox 930 1087 1009 1136; x_wconf 70' lang='lat' dir='ltr'>Misso</span> 
     </span>
     <span class='ocr_line' id='line_1_7' title="bbox 155 1165 1008 1229; baseline 0.004 -17"><span class='ocrx_word' id='word_1_41' title='bbox 155 1165 324 1213; x_wconf 72' lang='lat' dir='ltr'>immaculate</span> <span class='ocrx_word' id='word_1_42' title='bbox 341 1165 529 1227; x_wconf 83' lang='lat' dir='ltr'>Conceptionis</span> <span class='ocrx_word' id='word_1_43' title='bbox 547 1165 635 1214; x_wconf 68' lang='lat' dir='ltr'>Beate</span> <span class='ocrx_word' id='word_1_44' title='bbox 653 1165 743 1214; x_wconf 78' lang='lat' dir='ltr'>Merite</span> <span class='ocrx_word' id='word_1_45' title='bbox 760 1165 869 1229; x_wconf 77' lang='lat' dir='ltr'>Virginis</span> <span class='ocrx_word' id='word_1_46' title='bbox 882 1166 932 1215; x_wconf 84' lang='lat' dir='ltr'>boc</span> <span class='ocrx_word' id='word_1_47' title='bbox 941 1177 1008 1215; x_wconf 80' lang='lat' dir='ltr'>enno</span> 
     </span>
     <span class='ocr_line' id='line_1_8' title="bbox 155 1244 1008 1308; baseline 0 -13"><span class='ocrx_word' id='word_1_48' title='bbox 155 1248 246 1295; x_wconf 65' lang='lat' dir='ltr'>Rome</span> <span class='ocrx_word' id='word_1_49' title='bbox 271 1244 355 1307; x_wconf 84' lang='lat' dir='ltr'>pridie</span> <span class='ocrx_word' id='word_1_50' title='bbox 380 1245 436 1294; x_wconf 73' lang='lat' dir='ltr'>Kal.</span> <span class='ocrx_word' id='word_1_51' title='bbox 455 1245 537 1294; x_wconf 80' lang='lat' dir='ltr'>Meles</span> <span class='ocrx_word' id='word_1_52' title='bbox 564 1245 703 1308; x_wconf 85' lang='lat' dir='ltr'>impressis,</span> <span class='ocrx_word' id='word_1_53' title='bbox 724 1253 751 1294; x_wconf 90' lang='lat' dir='ltr'>et</span> <span class='ocrx_word' id='word_1_54' title='bbox 768 1245 836 1294; x_wconf 76' lang='lat' dir='ltr'>haud</span> <span class='ocrx_word' id='word_1_55' title='bbox 853 1248 933 1295; x_wconf 90' lang='lat' dir='ltr'>multo</span> <span class='ocrx_word' id='word_1_56' title='bbox 948 1256 1008 1295; x_wconf 78' lang='lat' dir='ltr'>unte</span> 
     </span>
     <span class='ocr_line' id='line_1_9' title="bbox 154 1324 1009 1389; baseline 0.001 -15"><span class='ocrx_word' id='word_1_57' title='bbox 154 1327 177 1374; x_wconf 92' lang='lat' dir='ltr'>in</span> <span class='ocrx_word' id='word_1_58' title='bbox 204 1325 445 1374; x_wconf 76' lang='lat' dir='ltr'>l’rotonotnriorum</span> <span class='ocrx_word' id='word_1_59' title='bbox 469 1326 680 1386; x_wconf 74' lang='lat' dir='ltr'>Apostolicorum</span> <span class='ocrx_word' id='word_1_60' title='bbox 704 1324 821 1374; x_wconf 86' lang='lat' dir='ltr'>ordinem</span> <span class='ocrx_word' id='word_1_61' title='bbox 840 1339 899 1374; x_wconf 87' lang='lat' dir='ltr'>eum</span> <span class='ocrx_word' id='word_1_62' title='bbox 917 1338 1009 1389; x_wconf 86' lang='lat' dir='ltr'>recep·</span> 
     </span>
     <span class='ocr_line' id='line_1_10' title="bbox 153 1405 1008 1470; baseline 0.001 -15"><span class='ocrx_word' id='word_1_63' title='bbox 153 1414 206 1455; x_wconf 91' lang='lat' dir='ltr'>tum</span> <span class='ocrx_word' id='word_1_64' title='bbox 232 1418 291 1455; x_wconf 85' lang='lat' dir='ltr'>esse</span> <span class='ocrx_word' id='word_1_65' title='bbox 315 1418 347 1453; x_wconf 86' lang='lat' dir='ltr'>ex</span> <span class='ocrx_word' id='word_1_66' title='bbox 372 1405 410 1453; x_wconf 83' lang='lat' dir='ltr'>liis</span> <span class='ocrx_word' id='word_1_67' title='bbox 436 1405 544 1455; x_wconf 74' lang='lat' dir='ltr'>Peiorini</span> <span class='ocrx_word' id='word_1_68' title='bbox 566 1406 655 1455; x_wconf 86' lang='lat' dir='ltr'>verbis</span> <span class='ocrx_word' id='word_1_69' title='bbox 678 1407 800 1470; x_wconf 78' lang='lat' dir='ltr'>colliges:</span> <span class='ocrx_word' id='word_1_70' title='bbox 836 1406 907 1455; x_wconf 62' lang='lat' dir='ltr'>uruit</span> <span class='ocrx_word' id='word_1_71' title='bbox 932 1407 1008 1456; x_wconf 75' lang='lat' dir='ltr'>etium</span> 
     </span>
     <span class='ocr_line' id='line_1_11' title="bbox 154 1485 1008 1549; baseline 0.001 -15"><span class='ocrx_word' id='word_1_72' title='bbox 154 1495 243 1535; x_wconf 88' lang='lat' dir='ltr'>nostro</span> <span class='ocrx_word' id='word_1_73' title='bbox 260 1493 380 1548; x_wconf 90' lang='lat' dir='ltr'>ternpore</span> <span class='ocrx_word' id='word_1_74' title='bbox 397 1485 550 1535; x_wconf 81' lang='lat' dir='ltr'>Leonnrdus</span> <span class='ocrx_word' id='word_1_75' title='bbox 566 1499 657 1548; x_wconf 85' lang='lat' dir='ltr'>eques,</span> <span class='ocrx_word' id='word_1_76' title='bbox 676 1486 801 1537; x_wconf 76' lang='lat' dir='ltr'>iucundus</span> <span class='ocrx_word' id='word_1_77' title='bbox 817 1494 914 1548; x_wconf 75' lang='lat' dir='ltr'>orator,</span> <span class='ocrx_word' id='word_1_78' title='bbox 927 1488 1008 1549; x_wconf 81' lang='lat' dir='ltr'>philo</span> 
     </span>
     <span class='ocr_line' id='line_1_12' title="bbox 153 1566 1007 1630; baseline -0.001 -15"><span class='ocrx_word' id='word_1_79' title='bbox 153 1569 252 1629; x_wconf 81' lang='lat' dir='ltr'>sopitus</span> <span class='ocrx_word' id='word_1_80' title='bbox 269 1566 370 1628; x_wconf 88' lang='lat' dir='ltr'>insignis</span> <span class='ocrx_word' id='word_1_81' title='bbox 387 1573 414 1614; x_wconf 95' lang='lat' dir='ltr'>et</span> <span class='ocrx_word' id='word_1_82' title='bbox 436 1566 537 1615; x_wconf 84' lang='lat' dir='ltr'>divinus</span> <span class='ocrx_word' id='word_1_83' title='bbox 553 1568 699 1630; x_wconf 84' lang='lat' dir='ltr'>theologus,</span> <span class='ocrx_word' id='word_1_84' title='bbox 717 1568 758 1617; x_wconf 89' lang='lat' dir='ltr'>cui</span> <span class='ocrx_word' id='word_1_85' title='bbox 776 1574 863 1616; x_wconf 73' lang='lat' dir='ltr'>nostre</span> <span class='ocrx_word' id='word_1_86' title='bbox 877 1574 941 1616; x_wconf 68' lang='lat' dir='ltr'>utus</span> <span class='ocrx_word' id='word_1_87' title='bbox 957 1580 1007 1616; x_wconf 92' lang='lat' dir='ltr'>non</span> 
     </span>
     <span class='ocr_line' id='line_1_13' title="bbox 154 1643 1008 1710; baseline 0 -14"><span class='ocrx_word' id='word_1_88' title='bbox 154 1647 240 1696; x_wconf 78' lang='lat' dir='ltr'>babuit</span> <span class='ocrx_word' id='word_1_89' title='bbox 257 1659 355 1709; x_wconf 82' lang='lat' dir='ltr'>pnrem.</span> <span class='ocrx_word' id='word_1_90' title='bbox 374 1647 479 1695; x_wconf 77' lang='lat' dir='ltr'>Mortua</span> <span class='ocrx_word' id='word_1_91' title='bbox 495 1643 602 1708; x_wconf 78' lang='lat' dir='ltr'>quidenl</span> <span class='ocrx_word' id='word_1_92' title='bbox 619 1660 699 1696; x_wconf 83' lang='lat' dir='ltr'>uxore</span> <span class='ocrx_word' id='word_1_93' title='bbox 715 1659 731 1696; x_wconf 80' lang='lat' dir='ltr'>e</span> <span class='ocrx_word' id='word_1_94' title='bbox 747 1647 817 1696; x_wconf 82' lang='lat' dir='ltr'>Sixto</span> <span class='ocrx_word' id='word_1_95' title='bbox 834 1660 933 1696; x_wconf 87' lang='lat' dir='ltr'>summo</span> <span class='ocrx_word' id='word_1_96' title='bbox 945 1661 1008 1710; x_wconf 91' lang='lat' dir='ltr'>pon·</span> 
     </span>
     <span class='ocr_line' id='line_1_14' title="bbox 153 1726 1005 1790; baseline 0.001 -14"><span class='ocrx_word' id='word_1_97' title='bbox 153 1728 220 1776; x_wconf 88' lang='lat' dir='ltr'>tilice</span> <span class='ocrx_word' id='word_1_98' title='bbox 242 1726 418 1789; x_wconf 70' lang='lat' dir='ltr'>[tm-1484]</span> <span class='ocrx_word' id='word_1_99' title='bbox 437 1727 651 1776; x_wconf 79' lang='lat' dir='ltr'>Protbonolurlus</span> <span class='ocrx_word' id='word_1_100' title='bbox 669 1728 836 1790; x_wconf 75' lang='lat' dir='ltr'>Apostolicus</span> <span class='ocrx_word' id='word_1_101' title='bbox 859 1728 941 1777; x_wconf 74' lang='lat' dir='ltr'>lectus</span> <span class='ocrx_word' id='word_1_102' title='bbox 957 1735 1005 1787; x_wconf 83' lang='lat' dir='ltr'>est,</span> 
     </span>
     <span class='ocr_line' id='line_1_15' title="bbox 152 1805 1005 1870; baseline 0.001 -14"><span class='ocrx_word' id='word_1_103' title='bbox 152 1807 184 1856; x_wconf 85' lang='lat' dir='ltr'>ed</span> <span class='ocrx_word' id='word_1_104' title='bbox 209 1807 356 1870; x_wconf 80' lang='lat' dir='ltr'>dignitatem</span> <span class='ocrx_word' id='word_1_105' title='bbox 382 1805 534 1866; x_wconf 82' lang='lat' dir='ltr'>Cnrdinelis,</span> <span class='ocrx_word' id='word_1_106' title='bbox 562 1807 583 1854; x_wconf 83' lang='lat' dir='ltr'>si</span> <span class='ocrx_word' id='word_1_107' title='bbox 609 1807 659 1856; x_wconf 75' lang='lat' dir='ltr'>vitu</span> <span class='ocrx_word' id='word_1_108' title='bbox 675 1807 776 1870; x_wconf 81' lang='lat' dir='ltr'>longior</span> <span class='ocrx_word' id='word_1_109' title='bbox 791 1808 815 1856; x_wconf 86' lang='lat' dir='ltr'>ei</span> <span class='ocrx_word' id='word_1_110' title='bbox 833 1806 892 1856; x_wconf 79' lang='lat' dir='ltr'>dete</span> <span class='ocrx_word' id='word_1_111' title='bbox 907 1807 1005 1867; x_wconf 84' lang='lat' dir='ltr'>luisset,</span> 
     </span>
     <span class='ocr_line' id='line_1_16' title="bbox 152 1887 1006 1949; baseline 0 -13"><span class='ocrx_word' id='word_1_112' title='bbox 152 1887 318 1949; x_wconf 86' lang='lat' dir='ltr'>prolecturus</span> <span class='ocrx_word' id='word_1_113' title='bbox 334 1894 414 1935; x_wconf 76' lang='lat' dir='ltr'>eruti.</span> <span class='ocrx_word' id='word_1_114' title='bbox 433 1887 532 1936; x_wconf 74' lang='lat' dir='ltr'>Contra</span> <span class='ocrx_word' id='word_1_115' title='bbox 548 1900 626 1949; x_wconf 92' lang='lat' dir='ltr'>quem</span> <span class='ocrx_word' id='word_1_116' title='bbox 644 1901 693 1935; x_wconf 95' lang='lat' dir='ltr'>non</span> <span class='ocrx_word' id='word_1_117' title='bbox 712 1888 770 1936; x_wconf 86' lang='lat' dir='ltr'>licet</span> <span class='ocrx_word' id='word_1_118' title='bbox 787 1887 820 1936; x_wconf 82' lang='lat' dir='ltr'>nd</span> <span class='ocrx_word' id='word_1_119' title='bbox 831 1888 1006 1937; x_wconf 78' lang='lat' dir='ltr'>Turresunum</span> 
     </span>
     <span class='ocr_line' id='line_1_17' title="bbox 152 1966 1006 2031; baseline 0.002 -17"><span class='ocrx_word' id='word_1_120' title='bbox 152 1979 305 2028; x_wconf 78' lang='lat' dir='ltr'>provocare,</span> <span class='ocrx_word' id='word_1_121' title='bbox 332 1966 377 2027; x_wconf 96' lang='lat' dir='ltr'>qui</span> <span class='ocrx_word' id='word_1_122' title='bbox 403 1966 426 2014; x_wconf 97' lang='lat' dir='ltr'>in</span> <span class='ocrx_word' id='word_1_123' title='bbox 453 1966 548 2029; x_wconf 84' lang='lat' dir='ltr'>Elogiis</span> <span class='ocrx_word' id='word_1_124' title='bbox 574 1966 753 2017; x_wconf 75' lang='lat' dir='ltr'>rLeonnrdum</span> <span class='ocrx_word' id='word_1_125' title='bbox 770 1980 851 2017; x_wconf 70' lang='lat' dir='ltr'>sacrm</span> <span class='ocrx_word' id='word_1_126' title='bbox 867 1968 1006 2031; x_wconf 71' lang='lat' dir='ltr'>theologie</span> 
     </span>
     <span class='ocr_line' id='line_1_18' title="bbox 153 2046 1007 2111; baseline 0 -15"><span class='ocrx_word' id='word_1_127' title='bbox 153 2047 302 2111; x_wconf 78' lang='lat' dir='ltr'>Magistrum</span> <span class='ocrx_word' id='word_1_128' title='bbox 319 2054 346 2095; x_wconf 92' lang='lat' dir='ltr'>et</span> <span class='ocrx_word' id='word_1_129' title='bbox 363 2046 590 2095; x_wconf 79' lang='lat' dir='ltr'>Protbonotnrium</span> <span class='ocrx_word' id='word_1_130' title='bbox 606 2047 784 2109; x_wconf 77' lang='lat' dir='ltr'>Apostolicum</span> <span class='ocrx_word' id='word_1_131' title='bbox 804 2058 877 2108; x_wconf 71' lang='lat'>1445·</span> <span class='ocrx_word' id='word_1_132' title='bbox 895 2060 1007 2096; x_wconf 78' lang='lat' dir='ltr'>comme·</span> 
     </span>
     <span class='ocr_line' id='line_1_19' title="bbox 152 2127 1007 2189; baseline 0.002 -14"><span class='ocrx_word' id='word_1_133' title='bbox 152 2135 241 2184; x_wconf 75' lang='lat' dir='ltr'>morat,</span> <span class='ocrx_word' id='word_1_134' title='bbox 268 2139 326 2175; x_wconf 89' lang='lat' dir='ltr'>eum</span> <span class='ocrx_word' id='word_1_135' title='bbox 342 2127 400 2175; x_wconf 80' lang='lat' dir='ltr'>unni</span> <span class='ocrx_word' id='word_1_136' title='bbox 425 2134 486 2175; x_wconf 74' lang='lat' dir='ltr'>noto</span> <span class='ocrx_word' id='word_1_137' title='bbox 508 2127 627 2189; x_wconf 71' lang='lat' dir='ltr'>opposite</span> <span class='ocrx_word' id='word_1_138' title='bbox 648 2139 740 2176; x_wconf 76' lang='lat' dir='ltr'>annum</span> <span class='ocrx_word' id='word_1_139' title='bbox 766 2141 820 2188; x_wconf 92' lang='lat' dir='ltr'>quo</span> <span class='ocrx_word' id='word_1_140' title='bbox 845 2127 1007 2177; x_wconf 75' lang='lat' dir='ltr'>Turresanus</span> 
     </span>
     <span class='ocr_line' id='line_1_20' title="bbox 152 2205 1006 2269; baseline 0.004 -15"><span class='ocrx_word' id='word_1_141' title='bbox 152 2207 258 2267; x_wconf 88' lang='lat' dir='ltr'>primurn</span> <span class='ocrx_word' id='word_1_142' title='bbox 276 2206 332 2255; x_wconf 81' lang='lat' dir='ltr'>eius</span> <span class='ocrx_word' id='word_1_143' title='bbox 349 2206 502 2255; x_wconf 88' lang='lat' dir='ltr'>mentionem</span> <span class='ocrx_word' id='word_1_144' title='bbox 520 2205 609 2255; x_wconf 65' lang='lat' dir='ltr'>belom</span> <span class='ocrx_word' id='word_1_145' title='bbox 622 2219 681 2255; x_wconf 80' lang='lat' dir='ltr'>esse</span> <span class='ocrx_word' id='word_1_146' title='bbox 694 2206 795 2266; x_wconf 86' lang='lat' dir='ltr'>invenit,</span> <span class='ocrx_word' id='word_1_147' title='bbox 809 2220 859 2255; x_wconf 93' lang='lat' dir='ltr'>non</span> <span class='ocrx_word' id='word_1_148' title='bbox 871 2221 939 2266; x_wconf 90' lang='lat' dir='ltr'>eum,</span> <span class='ocrx_word' id='word_1_149' title='bbox 952 2220 1006 2269; x_wconf 93' lang='lat' dir='ltr'>quo</span> 
     </span>
     <span class='ocr_line' id='line_1_21' title="bbox 152 2284 1006 2336; baseline 0.002 -3"><span class='ocrx_word' id='word_1_150' title='bbox 152 2286 347 2335; x_wconf 81' lang='lat' dir='ltr'>Protonoterius</span> <span class='ocrx_word' id='word_1_151' title='bbox 358 2285 439 2335; x_wconf 64' lang='lat' dir='ltr'>metus</span> <span class='ocrx_word' id='word_1_152' title='bbox 448 2292 488 2334; x_wconf 88' lang='lat' dir='ltr'>est</span> <span class='ocrx_word' id='word_1_153' title='bbox 505 2284 618 2334; x_wconf 79' lang='lat' dir='ltr'>indicare</span> <span class='ocrx_word' id='word_1_154' title='bbox 634 2284 760 2334; x_wconf 73' lang='lat' dir='ltr'>videatur.</span> <span class='ocrx_word' id='word_1_155' title='bbox 778 2285 903 2336; x_wconf 85' lang='lat' dir='ltr'>Ceterum</span> <span class='ocrx_word' id='word_1_156' title='bbox 915 2287 1006 2336; x_wconf 68' lang='lat' dir='ltr'>Cesar</span> 
     </span>
     <span class='ocr_line' id='line_1_22' title="bbox 151 2365 1006 2429; baseline 0.002 -15"><span class='ocrx_word' id='word_1_157' title='bbox 151 2366 285 2415; x_wconf 78' lang='lat' dir='ltr'>Cevenonl</span> <span class='ocrx_word' id='word_1_158' title='bbox 298 2366 321 2414; x_wconf 88' lang='lat' dir='ltr'>ln</span> <span class='ocrx_word' id='word_1_159' title='bbox 333 2366 409 2414; x_wconf 80' lang='lat' dir='ltr'>lsotre</span> <span class='ocrx_word' id='word_1_160' title='bbox 418 2366 468 2414; x_wconf 83' lang='lat' dir='ltr'>vite</span> <span class='ocrx_word' id='word_1_161' title='bbox 477 2378 550 2415; x_wconf 66' lang='lat' dir='ltr'>nov·</span> <span class='ocrx_word' id='word_1_162' title='bbox 560 2366 661 2428; x_wconf 74' lang='lat' dir='ltr'>Dielogi</span> <span class='ocrx_word' id='word_1_163' title='bbox 669 2365 704 2414; x_wconf 87' lang='lat' dir='ltr'>de</span> <span class='ocrx_word' id='word_1_164' title='bbox 713 2365 778 2415; x_wconf 67' lang='lat' dir='ltr'>ilde</span> <span class='ocrx_word' id='word_1_165' title='bbox 786 2374 812 2415; x_wconf 92' lang='lat' dir='ltr'>et</span> <span class='ocrx_word' id='word_1_166' title='bbox 824 2367 884 2415; x_wconf 67' lang='lat' dir='ltr'>Eva</span> <span class='ocrx_word' id='word_1_167' title='bbox 896 2375 1006 2429; x_wconf 74' lang='lat' dir='ltr'>peccato</span> 
     </span>
     <span class='ocr_line' id='line_1_23' title="bbox 150 2445 1005 2510; baseline 0.001 -16"><span class='ocrx_word' id='word_1_168' title='bbox 150 2445 255 2495; x_wconf 87' lang='lat' dir='ltr'>editioni</span> <span class='ocrx_word' id='word_1_169' title='bbox 264 2445 434 2509; x_wconf 74' lang='lat' dir='ltr'>premissuex</span> <span class='ocrx_word' id='word_1_170' title='bbox 442 2445 1005 2510; x_wconf 75' lang='lat' dir='ltr'>ineditoquodemAntonii&#39;lurresnniopere</span> 
     </span>
     <span class='ocr_line' id='line_1_24' title="bbox 152 2525 1006 2585; baseline 0.002 -11"><span class='ocrx_word' id='word_1_171' title='bbox 152 2526 174 2574; x_wconf 92' lang='lat' dir='ltr'>in</span> <span class='ocrx_word' id='word_1_172' title='bbox 193 2527 353 2575; x_wconf 78' lang='lat' dir='ltr'>Bibliotheca</span> <span class='ocrx_word' id='word_1_173' title='bbox 370 2525 449 2574; x_wconf 89' lang='lat' dir='ltr'>Urbis</span> <span class='ocrx_word' id='word_1_174' title='bbox 465 2525 577 2574; x_wconf 67' lang='lat' dir='ltr'>Verona</span> <span class='ocrx_word' id='word_1_175' title='bbox 593 2535 734 2585; x_wconf 70' lang='lat' dir='ltr'>mommo,</span> <span class='ocrx_word' id='word_1_176' title='bbox 752 2527 794 2575; x_wconf 91' lang='lat' dir='ltr'>cui</span> <span class='ocrx_word' id='word_1_177' title='bbox 813 2526 939 2576; x_wconf 78' lang='lat' dir='ltr'>iveronre</span> <span class='ocrx_word' id='word_1_178' title='bbox 957 2527 1006 2576; x_wconf 92' lang='lat' dir='ltr'>Ur-</span> 
     </span>
     <span class='ocr_line' id='line_1_25' title="bbox 151 2604 1006 2664; baseline 0.002 -10"><span class='ocrx_word' id='word_1_179' title='bbox 151 2605 190 2654; x_wconf 88' lang='lat' dir='ltr'>bis</span> <span class='ocrx_word' id='word_1_180' title='bbox 215 2605 418 2655; x_wconf 77' lang='lat' dir='ltr'>Commenturier</span> <span class='ocrx_word' id='word_1_181' title='bbox 444 2613 483 2654; x_wconf 88' lang='lat' dir='ltr'>est</span> <span class='ocrx_word' id='word_1_182' title='bbox 508 2606 603 2664; x_wconf 81' lang='lat' dir='ltr'>tltulus,</span> <span class='ocrx_word' id='word_1_183' title='bbox 632 2604 794 2655; x_wconf 80' lang='lat' dir='ltr'>Leonerdum</span> <span class='ocrx_word' id='word_1_184' title='bbox 818 2614 932 2655; x_wconf 81' lang='lat' dir='ltr'>nostrum</span> <span class='ocrx_word' id='word_1_185' title='bbox 955 2620 1006 2657; x_wconf 92' lang='lat' dir='ltr'>non</span> 
     </span>
     <span class='ocr_line' id='line_1_26' title="bbox 150 2685 1005 2744; baseline 0.002 -11"><span class='ocrx_word' id='word_1_186' title='bbox 150 2687 233 2734; x_wconf 85' lang='lat' dir='ltr'>solum</span> <span class='ocrx_word' id='word_1_187' title='bbox 254 2685 470 2744; x_wconf 68' lang='lat' dir='ltr'>protonotarium,</span> <span class='ocrx_word' id='word_1_188' title='bbox 497 2685 544 2735; x_wconf 88' lang='lat' dir='ltr'>sed</span> <span class='ocrx_word' id='word_1_189' title='bbox 562 2686 637 2734; x_wconf 80' lang='lat' dir='ltr'>etiem</span> <span class='ocrx_word' id='word_1_190' title='bbox 652 2685 810 2735; x_wconf 83' lang='lat' dir='ltr'>Cenonieum</span> <span class='ocrx_word' id='word_1_191' title='bbox 827 2686 1005 2736; x_wconf 83' lang='lat' dir='ltr'>Veronensem</span> 
     </span>
     <span class='ocr_line' id='line_1_27' title="bbox 150 2765 1005 2829; baseline 0.002 -16"><span class='ocrx_word' id='word_1_192' title='bbox 150 2765 229 2814; x_wconf 81' lang='lat' dir='ltr'>luisse</span> <span class='ocrx_word' id='word_1_193' title='bbox 245 2765 333 2814; x_wconf 86' lang='lat' dir='ltr'>relert.</span> <span class='ocrx_word' id='word_1_194' title='bbox 353 2765 474 2827; x_wconf 86' lang='lat' dir='ltr'>Denique</span> <span class='ocrx_word' id='word_1_195' title='bbox 490 2765 560 2829; x_wconf 76' lang='lat' dir='ltr'>opud</span> <span class='ocrx_word' id='word_1_196' title='bbox 576 2767 713 2816; x_wconf 74' lang='lat' dir='ltr'>Antonium</span> <span class='ocrx_word' id='word_1_197' title='bbox 731 2766 857 2816; x_wconf 83' lang='lat' dir='ltr'>Curtolnri</span> <span class='ocrx_word' id='word_1_198' title='bbox 874 2765 1005 2829; x_wconf 73' lang='lat' dir='ltr'>(ifemilie</span> 
     </span>
     <span class='ocr_line' id='line_1_28' title="bbox 150 2844 1005 2909; baseline 0.002 -15"><span class='ocrx_word' id='word_1_199' title='bbox 150 2844 191 2908; x_wconf 75' lang='lat' dir='ltr'>gii</span> <span class='ocrx_word' id='word_1_200' title='bbox 211 2846 315 2894; x_wconf 80' lang='lat' dir='ltr'>escritte</span> <span class='ocrx_word' id='word_1_201' title='bbox 338 2847 361 2894; x_wconf 83' lang='lat' dir='ltr'>ul</span> <span class='ocrx_word' id='word_1_202' title='bbox 379 2845 465 2894; x_wconf 87' lang='lat' dir='ltr'>nobile</span> <span class='ocrx_word' id='word_1_203' title='bbox 482 2847 608 2909; x_wconf 80' lang='lat' dir='ltr'>oonsiglio</span> <span class='ocrx_word' id='word_1_204' title='bbox 624 2846 650 2895; x_wconf 92' lang='lat' dir='ltr'>di</span> <span class='ocrx_word' id='word_1_205' title='bbox 667 2846 771 2896; x_wconf 79' lang='lat' dir='ltr'>verone</span> <span class='ocrx_word' id='word_1_206' title='bbox 787 2859 837 2895; x_wconf 89' lang='lat' dir='ltr'>eon</span> <span class='ocrx_word' id='word_1_207' title='bbox 851 2849 943 2896; x_wconf 79' lang='lat' dir='ltr'>elcune</span> <span class='ocrx_word' id='word_1_208' title='bbox 960 2861 1005 2896; x_wconf 92' lang='lat' dir='ltr'>no·</span> 
     </span>
     <span class='ocr_line' id='line_1_29' title="bbox 149 2925 1004 2990; baseline 0.001 -17"><span class='ocrx_word' id='word_1_209' title='bbox 149 2925 206 2974; x_wconf 87' lang='lat' dir='ltr'>tizie</span> <span class='ocrx_word' id='word_1_210' title='bbox 232 2926 333 2974; x_wconf 92' lang='lat' dir='ltr'>intorno</span> <span class='ocrx_word' id='word_1_211' title='bbox 357 2926 496 2987; x_wconf 81' lang='lat' dir='ltr'>pereccbie</span> <span class='ocrx_word' id='word_1_212' title='bbox 512 2938 573 2975; x_wconf 77' lang='lat' dir='ltr'>cnse</span> <span class='ocrx_word' id='word_1_213' title='bbox 589 2926 614 2974; x_wconf 91' lang='lat' dir='ltr'>di</span> <span class='ocrx_word' id='word_1_214' title='bbox 633 2926 674 2985; x_wconf 90' lang='lat' dir='ltr'>lei,</span> <span class='ocrx_word' id='word_1_215' title='bbox 692 2940 708 2975; x_wconf 85' lang='lat' dir='ltr'>e</span> <span class='ocrx_word' id='word_1_216' title='bbox 724 2928 764 2977; x_wconf 88' lang='lat' dir='ltr'>cui</span> <span class='ocrx_word' id='word_1_217' title='bbox 782 2927 968 2990; x_wconf 77' lang='lat' dir='ltr'>s&#39;nggiungono</span> <span class='ocrx_word' id='word_1_218' title='bbox 988 2927 1004 2975; x_wconf 92' lang='lat' dir='ltr'>il</span> 
     </span>
     <span class='ocr_line' id='line_1_30' title="bbox 151 3004 1006 3069; baseline 0.005 -17"><span class='ocrx_word' id='word_1_219' title='bbox 151 3017 235 3065; x_wconf 84' lang='lat' dir='ltr'>nome,</span> <span class='ocrx_word' id='word_1_220' title='bbox 262 3007 286 3053; x_wconf 85' lang='lat' dir='ltr'>le</span> <span class='ocrx_word' id='word_1_221' title='bbox 308 3004 495 3054; x_wconf 80' lang='lat' dir='ltr'>diebierttzione</span> <span class='ocrx_word' id='word_1_222' title='bbox 518 3005 552 3054; x_wconf 90' lang='lat' dir='ltr'>ed</span> <span class='ocrx_word' id='word_1_223' title='bbox 577 3020 609 3055; x_wconf 96' lang='lat' dir='ltr'>un</span> <span class='ocrx_word' id='word_1_224' title='bbox 626 3009 719 3057; x_wconf 79' lang='lat' dir='ltr'>elenco</span> <span class='ocrx_word' id='word_1_225' title='bbox 736 3007 761 3055; x_wconf 90' lang='lat' dir='ltr'>di</span> <span class='ocrx_word' id='word_1_226' title='bbox 777 3008 848 3055; x_wconf 83' lang='lat' dir='ltr'>verie</span> <span class='ocrx_word' id='word_1_227' title='bbox 863 3006 932 3056; x_wconf 88' lang='lat' dir='ltr'>delle</span> <span class='ocrx_word' id='word_1_228' title='bbox 949 3020 1006 3069; x_wconf 75' lang='lat' dir='ltr'>per·</span> 
     </span>
     <span class='ocr_line' id='line_1_31' title="bbox 150 3084 1006 3150; baseline 0.002 -17"><span class='ocrx_word' id='word_1_229' title='bbox 150 3093 205 3133; x_wconf 78' lang='lat' dir='ltr'>sote</span> <span class='ocrx_word' id='word_1_230' title='bbox 229 3097 276 3133; x_wconf 83' lang='lat' dir='ltr'>sue</span> <span class='ocrx_word' id='word_1_231' title='bbox 303 3085 479 3148; x_wconf 76' lang='lat' dir='ltr'>mugistmture</span> <span class='ocrx_word' id='word_1_232' title='bbox 504 3084 537 3133; x_wconf 86' lang='lat' dir='ltr'>ed</span> <span class='ocrx_word' id='word_1_233' title='bbox 561 3087 625 3135; x_wconf 77' lang='lat' dir='ltr'>ultre</span> <span class='ocrx_word' id='word_1_234' title='bbox 650 3087 774 3145; x_wconf 91' lang='lat' dir='ltr'>memorie</span> <span class='ocrx_word' id='word_1_235' title='bbox 798 3086 965 3150; x_wconf 80' lang='lat' dir='ltr'>risgunrdnnti</span> <span class='ocrx_word' id='word_1_236' title='bbox 983 3089 1006 3135; x_wconf 78' lang='lat' dir='ltr'>ln</span> 
     </span>
     <span class='ocr_line' id='line_1_32' title="bbox 150 3163 1005 3230; baseline 0.002 -17"><span class='ocrx_word' id='word_1_237' title='bbox 150 3173 232 3214; x_wconf 74' lang='lat' dir='ltr'>stesso</span> <span class='ocrx_word' id='word_1_238' title='bbox 248 3163 316 3213; x_wconf 76' lang='lat' dir='ltr'>cittb.</span> <span class='ocrx_word' id='word_1_239' title='bbox 336 3166 412 3214; x_wconf 81' lang='lat' dir='ltr'>Pente</span> <span class='ocrx_word' id='word_1_240' title='bbox 428 3165 516 3226; x_wconf 76' lang='lat' dir='ltr'>prime.</span> <span class='ocrx_word' id='word_1_241' title='bbox 535 3168 646 3226; x_wconf 76' lang='lat' dir='ltr'>Verona,</span> <span class='ocrx_word' id='word_1_242' title='bbox 667 3168 734 3230; x_wconf 73' lang='lat'>1854,</span> <span class='ocrx_word' id='word_1_243' title='bbox 754 3181 779 3229; x_wconf 90' lang='lat' dir='ltr'>p.</span> <span class='ocrx_word' id='word_1_244' title='bbox 800 3179 842 3226; x_wconf 83' lang='lat'>193</span> <span class='ocrx_word' id='word_1_245' title='bbox 862 3167 932 3230; x_wconf 85' lang='lat' dir='ltr'>sqq.)</span> <span class='ocrx_word' id='word_1_246' title='bbox 949 3168 1005 3215; x_wconf 77' lang='lat' dir='ltr'>boec</span> 
     </span>
     <span class='ocr_line' id='line_1_33' title="bbox 150 3244 1002 3310; baseline 0.002 -17"><span class='ocrx_word' id='word_1_247' title='bbox 150 3245 185 3293; x_wconf 85' lang='lat' dir='ltr'>de</span> <span class='ocrx_word' id='word_1_248' title='bbox 211 3244 349 3294; x_wconf 73' lang='lat' dir='ltr'>leonardo</span> <span class='ocrx_word' id='word_1_249' title='bbox 372 3257 404 3293; x_wconf 86' lang='lat' dir='ltr'>ex</span> <span class='ocrx_word' id='word_1_250' title='bbox 425 3245 535 3306; x_wconf 68' lang='lat' dir='ltr'>antiquis</span> <span class='ocrx_word' id='word_1_251' title='bbox 560 3245 630 3294; x_wconf 88' lang='lat' dir='ltr'>libris</span> <span class='ocrx_word' id='word_1_252' title='bbox 654 3259 748 3295; x_wconf 85' lang='lat' dir='ltr'>census</span> <span class='ocrx_word' id='word_1_253' title='bbox 771 3246 925 3310; x_wconf 70' lang='lat' dir='ltr'>(Cempione</span> <span class='ocrx_word' id='word_1_254' title='bbox 941 3246 1002 3295; x_wconf 85' lang='lat' dir='ltr'>‹lell&#39;</span> 
     </span>
     <span class='ocr_line' id='line_1_34' title="bbox 152 3324 1005 3389; baseline 0.002 -16"><span class='ocrx_word' id='word_1_255' title='bbox 152 3324 257 3387; x_wconf 81' lang='lat' dir='ltr'>Estlmo)</span> <span class='ocrx_word' id='word_1_256' title='bbox 280 3332 403 3387; x_wconf 67' lang='lat' dir='ltr'>excerpta</span> <span class='ocrx_word' id='word_1_257' title='bbox 419 3327 558 3388; x_wconf 86' lang='lat' dir='ltr'>leguntur:</span> <span class='ocrx_word' id='word_1_258' title='bbox 574 3338 597 3373; x_wconf 85' lang='lat' dir='ltr'>e.</span> <span class='ocrx_word' id='word_1_259' title='bbox 619 3328 679 3387; x_wconf 71' lang='lat'>¹⁴5⁶</span> <span class='ocrx_word' id='word_1_260' title='bbox 694 3334 721 3374; x_wconf 87' lang='lat' dir='ltr'>et</span> <span class='ocrx_word' id='word_1_261' title='bbox 740 3328 797 3389; x_wconf 75' lang='lat'>1⁴⁶5</span> <span class='ocrx_word' id='word_1_262' title='bbox 824 3328 873 3374; x_wconf 81' lang='lat' dir='ltr'>il).</span> <span class='ocrx_word' id='word_1_263' title='bbox 892 3327 1005 3375; x_wconf 70' lang='lat' dir='ltr'>Leonat-</span> 
     </span>
     <span class='ocr_line' id='line_1_35' title="bbox 150 3404 1004 3465; baseline 0.004 -12"><span class='ocrx_word' id='word_1_264' title='bbox 150 3404 201 3453; x_wconf 84' lang='lat' dir='ltr'>dus</span> <span class='ocrx_word' id='word_1_265' title='bbox 215 3404 250 3454; x_wconf 85' lang='lat' dir='ltr'>de</span> <span class='ocrx_word' id='word_1_266' title='bbox 266 3405 291 3454; x_wconf 84' lang='lat' dir='ltr'>S.</span> <span class='ocrx_word' id='word_1_267' title='bbox 311 3405 439 3465; x_wconf 70' lang='lat' dir='ltr'>Cecilien,</span> <span class='ocrx_word' id='word_1_268' title='bbox 457 3419 480 3454; x_wconf 80' lang='grc' dir='ltr'>ι</span> <span class='ocrx_word' id='word_1_269' title='bbox 503 3418 559 3465; x_wconf 76' lang='lat'>1⁴7³</span> <span class='ocrx_word' id='word_1_270' title='bbox 579 3405 746 3456; x_wconf 76' lang='lat' dir='ltr'>«Leonerdus</span> <span class='ocrx_word' id='word_1_271' title='bbox 763 3406 839 3455; x_wconf 81' lang='lat' dir='ltr'>Miles</span> <span class='ocrx_word' id='word_1_272' title='bbox 855 3405 890 3455; x_wconf 89' lang='lat' dir='ltr'>de</span> <span class='ocrx_word' id='word_1_273' title='bbox 907 3406 933 3455; x_wconf 89' lang='lat' dir='ltr'>S.</span> <span class='ocrx_word' id='word_1_274' title='bbox 946 3405 1004 3456; x_wconf 66' lang='lat' dir='ltr'>Cn·</span> 
     </span>
     <span class='ocr_line' id='line_1_36' title="bbox 150 3484 1002 3545; baseline 0.001 -13"><span class='ocrx_word' id='word_1_275' title='bbox 150 3485 230 3543; x_wconf 75' lang='lat' dir='ltr'>cille»,</span> <span class='ocrx_word' id='word_1_276' title='bbox 256 3497 280 3532; x_wconf 79' lang='lat' dir='ltr'>e.</span> <span class='ocrx_word' id='word_1_277' title='bbox 307 3487 366 3545; x_wconf 75' lang='lat'>1482</span> <span class='ocrx_word' id='word_1_278' title='bbox 393 3485 560 3535; x_wconf 77' lang='lat' dir='ltr'>«Leonnrdus</span> <span class='ocrx_word' id='word_1_279' title='bbox 582 3484 617 3535; x_wconf 85' lang='lat' dir='ltr'>de</span> <span class='ocrx_word' id='word_1_280' title='bbox 645 3486 670 3535; x_wconf 83' lang='lat' dir='ltr'>S.</span> <span class='ocrx_word' id='word_1_281' title='bbox 689 3485 818 3535; x_wconf 64' lang='lat' dir='ltr'>Coeelliu</span> <span class='ocrx_word' id='word_1_282' title='bbox 844 3485 896 3536; x_wconf 83' lang='lat' dir='ltr'>Sed</span> <span class='ocrx_word' id='word_1_283' title='bbox 914 3486 962 3536; x_wconf 72' lang='lat' dir='ltr'>iem</span> <span class='ocrx_word' id='word_1_284' title='bbox 978 3498 1002 3535; x_wconf 81' lang='lat' dir='ltr'>e.</span> 
     </span>
     <span class='ocr_line' id='line_1_37' title="bbox 154 3564 1004 3627; baseline 0.004 -17"><span class='ocrx_word' id='word_1_285' title='bbox 154 3575 211 3622; x_wconf 75' lang='lat'>¹⁴9³</span> <span class='ocrx_word' id='word_1_286' title='bbox 237 3564 261 3612; x_wconf 91' lang='lat' dir='ltr'>in</span> <span class='ocrx_word' id='word_1_287' title='bbox 286 3564 341 3613; x_wconf 84' lang='lat' dir='ltr'>eius</span> <span class='ocrx_word' id='word_1_288' title='bbox 358 3566 442 3613; x_wconf 85' lang='lat' dir='ltr'>locum</span> <span class='ocrx_word' id='word_1_289' title='bbox 464 3565 627 3627; x_wconf 73' lang='lat' dir='ltr'>isselpetrum</span> <span class='ocrx_word' id='word_1_290' title='bbox 643 3564 773 3627; x_wconf 73' lang='lat' dir='ltr'>quondum</span> <span class='ocrx_word' id='word_1_291' title='bbox 790 3564 931 3615; x_wconf 75' lang='lat' dir='ltr'>Leonerdir</span> <span class='ocrx_word' id='word_1_292' title='bbox 947 3577 1004 3613; x_wconf 80' lang='lat' dir='ltr'>suc·</span> 
     </span>
    </p>
   </div>
   <div class='ocr_carea' id='block_1_3' title="bbox 0 0 1430 4694">
    <p class='ocr_par' dir='ltr' id='par_1_3' title="bbox 0 0 1430 4694">
     <span class='ocr_line' id='line_1_38' title="bbox 0 0 1430 4694; baseline 0 2"><span class='ocrx_word' id='word_1_293' title='bbox 0 0 1430 4694; x_wconf 95' lang='lat' dir='ltr'> </span> 
     </span>
    </p>
   </div>
  </div>
 </body>
</html>
