2926 5168
860 618 958 663 xcvnt

479 775 502 820 in
520 786 574 833 quo
592 771 732 833 Pompeius
757 769 823 818 Litta
838 770 932 831 aliique
955 770 1075 818 nobilium
1093 771 1169 818 ltaliae
1186 770 1332 820 familiarum

479 851 641 916 genealogias
656 856 859 911 composuerunt
875 848 1021 912 (rFamiglie
1038 848 1135 898 celebri
1153 850 1289 911 ltalianea)‚
1309 852 1332 898 in

479 931 653 993 descriptione
677 929 842 993 genealogica
858 929 957 977 familiis
974 931 1123 978 Botromete
1139 927 1174 978 de
1191 930 1268 978 Santo
1286 931 1333 978 Mi-

480 1014 547 1061 niato
571 1012 644 1060 ullam
669 1012 770 1059 Blancoe
794 1011 940 1059 memoriam
966 1010 1080 1072 repperi.
1112 1010 1279 1059 Nihilominus
1305 1019 1332 1059 ut

479 1100 568 1154 spreta
583 1091 658 1140 etiam
669 1090 743 1139 Littae
759 1090 911 1139 auctoritate
922 1090 1038 1139 blancam
1051 1103 1081 1138 ex
1095 1090 1142 1139 ltac
1153 1089 1242 1138 familia
1251 1098 1331 1139 ortam

480 1187 539 1223 esse
557 1170 709 1222 contendam
726 1185 760 1221 eo
774 1169 901 1230 adducor,
926 1169 998 1232 quod
1017 1172 1110 1219 Blsnca
1133 1171 1156 1218 in
1180 1179 1332 1219 testamento

479 1268 502 1302 a
524 1264 583 1315 1457
599 1251 747 1313 conscripto
763 1265 792 1299 se
810 1251 945 1299 Borromei
962 1248 996 1299 de
1014 1250 1161 1300 borromeis
1178 1252 1250 1299 liliam
1262 1250 1330 1307 dicit,

481 1333 524 1395 qui
549 1333 603 1381 sine
627 1330 708 1380 dubio
724 1330 791 1380 idem
810 1331 967 1379 Borromeus
984 1329 1018 1379 de
1036 1331 1183 1379 Borromeis
1198 1330 1334 1379 ditissimus

481 1415 580 1462 illorum
597 1419 744 1473 temporum
767 1411 805 1459 vir
821 1419 869 1469 est,
889 1410 933 1471 qui
950 1418 1022 1472 patre
1041 1411 1159 1473 Philippo
1174 1425 1197 1460 a.
1218 1423 1279 1471 1370
1294 1425 1335 1459 se·

481 1493 536 1542 curi
553 1505 678 1554 percusso
697 1490 869 1541 Mediolanum
885 1490 989 1553 aufugit,
1009 1489 1078 1539 unde
1100 1491 1229 1539 Patavium
1247 1504 1334 1539 rursus

481 1573 578 1622 nocitus
602 1570 649 1620 sed
676 1572 766 1620 iterum
791 1573 914 1633 expulsus
933 1583 1021 1619 rursus
1039 1569 1212 1618 Mediolanum
1229 1584 1258 1619 se
1275 1583 1335 1618 con-

482 1652 545 1711 tulit,
564 1665 639 1712 quam
656 1651 746 1700 urbem
762 1652 795 1700 ab
811 1664 834 1699 a.
853 1664 876 1699 c.
898 1651 958 1710 1387
975 1664 1057 1712 usque
1074 1649 1105 1699 ad
1122 1665 1145 1699 a.
1166 1662 1225 1710 1407
1242 1651 1335 1699 incole-

483 1733 533 1791 bat,
551 1744 605 1793 quo
621 1744 688 1780 anno
705 1731 835 1779 Patavium
852 1743 973 1779 reversus
988 1744 1011 1778 a.
1030 1729 1132 1779 dentum
1152 1743 1210 1789 14²²
1222 1730 1336 1778 venetiis

482 1825 630 1875 supremum
647 1810 715 1859 diem
732 1810 802 1859 obiit.
822 1808 898 1858 llaud
916 1810 1085 1872 improbabile
1102 1810 1176 1873 igitur
1187 1810 1261 1859 nobis
1272 1824 1335 1871 quo-

484 1906 536 1954 que
560 1889 671 1950 videtur,
690 1889 853 1940 Leonardum
872 1892 989 1939 Blancam
1008 1889 1155 1940 Mediolano
1173 1889 1276 1940 domum
1292 1891 1336 1939 ab·

484 1970 594 2020 duxisse.
614 1971 651 2019 Ea
660 1979 745 2020 autem
759 1972 958 2019 Borromeorurn
967 1971 1051 2032 stirps,
1065 1984 1124 2032 quae
1137 1979 1165 2020 ut
1180 1971 1213 2019 ab
1229 1984 1262 2018 ea
1276 1984 1335 2031 que

485 2051 580 2100 Patavii
592 2049 710 2101 consedit
721 2049 890 2115 distinguatur
905 2051 1011 2113 proprie
1024 2050 1223 2100 Mediolanensis
1234 2049 1333 2107 dicitur,

483 2132 638 2181 avitaliano
663 2132 796 2180 vitalliano
822 2132 992 2194 Margarethae
1020 2131 1070 2181 tilio
1088 2132 1221 2181 Borromei
1239 2140 1335 2195 nepote

484 2212 593 2263 oriunda
616 2221 663 2272 est,
689 2212 730 2262 cui
754 2224 770 2261 a
795 2210 1024 2267 Mediolanensium
1050 2213 1126 2261 Duce
1150 2226 1217 2262 anno
1233 2211 1335 2262 demum

487 2297 546 2355 ¹⁴¹⁶
563 2302 590 2343 ut
602 2295 802 2343 Botrorneorum
813 2293 914 2343 nornine
933 2292 1124 2356 insignibusque
1141 2301 1258 2343 uteretur
1274 2307 1335 2344 oon-

485 2389 586 2425 cessum
603 2382 652 2424 est.

537 2460 561 2499 η
576 2455 637 2504 Hoc
659 2469 690 2503 ex
716 2454 817 2503 Blancte
840 2460 993 2502 testamento
1015 2453 1059 2503 die
1082 2453 1178 2502 XXlV.
1204 2454 1287 2502 Martii
1311 2468 1334 2502 a.

489 2546 548 2596 1457
568 2535 666 2598 scripto
683 2536 789 2583 elucere
802 2534 912 2594 videtur,
928 2533 1000 2596 quod
1015 2534 1127 2597 religiosi
1144 2534 1275 2583 cuiusdam
1292 2533 1337 2581 viri

486 2629 559 2665 manu
575 2616 698 2678 scriptum
715 2623 762 2674 est,
781 2615 841 2676 quia
855 2614 911 2676 ipss
928 2616 1020 2663 Blanda
1034 2628 1097 2663 enon
1109 2628 1189 2677 sapea
1199 2616 1335 2669 scrivere»,

485 2708 638 2756 quamquam
662 2708 696 2743 eo
719 2702 838 2757 tempore
856 2707 910 2756 quo
927 2701 1105 2744 testamentum
1122 2695 1183 2744 iecit
1201 2708 1275 2744 osana
1291 2708 1339 2756 per

486 2776 510 2824 la
526 2774 579 2823 Dio
595 2773 674 2837 gratia
689 2773 733 2823 del
749 2787 832 2836 corpo
849 2788 864 2822 e
880 2773 923 2823 del
941 2774 1085 2824 intellector
1104 2782 1168 2824 erat.

539 2860 561 2898 ²⁴
578 2855 620 2903 De
636 2855 747 2904 Antonio
765 2855 896 2917 Nogarola
912 2856 967 2904 ltoec
983 2855 1128 2904 testimonia
1138 2870 1154 2904 e
1165 2855 1235 2904 libris
1246 2866 1338 2903 census

486 2936 520 2984 ab
542 2935 653 2984 Antonio
670 2934 795 2983 Canolmi
812 2936 828 2982 l.
847 2936 863 2982 l.
882 2934 1007 2983 citantur:
1026 2947 1099 2995 «1433
1120 2935 1189 2984 Nob.
1209 2935 1284 2984 Miles
1302 2933 1335 2979 D.

487 3015 612 3065 Antonius
635 3027 692 3063 cum
717 3013 836 3063 iratribus
856 3021 883 3063 et
904 3022 985 3063 matre
1006 3014 1041 3063 de
1057 3015 1083 3064 8.
1102 3014 1213 3064 Caecilia.
1231 3038 1262 3049 -
1279 3023 1335 3069 1443

487 3096 640 3160 Spectabilis
667 3096 743 3146 Miles
771 3098 804 3143 D.
823 3096 948 3145 Antonius
972 3108 1029 3145 cum
1055 3096 1182 3154 iratribus,
1207 3108 1287 3143 uxore
1312 3100 1338 3141 et

488 3184 567 3225 matre
592 3176 626 3225 dc
650 3177 675 3225 8.
694 3175 822 3224 Caecilia·
842 3175 928 3225 Militis
943 3176 1048 3239 insignia
1064 3183 1130 3225 teste
1147 3176 1295 3224 Turresano
1313 3173 1336 3220 in

489 3256 583 3319 Elogiis
606 3255 689 3318 pridie
714 3256 769 3304 Kal.
787 3254 920 3305 Octobres
933 3269 957 3304 a.
976 3268 1032 3316 1433
1050 3269 1066 3304 a
1081 3255 1242 3318 Sigismundo
1257 3256 1338 3315 lmpe-

489 3343 574 3384 ratore
594 3335 618 3384 in
634 3349 695 3385 arce
714 3335 837 3385 Piscerioe
853 3335 962 3398 aceepit.
982 3335 1074 3384 Prima
1091 3335 1146 3384 eius
1164 3334 1243 3392 uxori,
1262 3347 1337 3394 quam

488 3424 592 3479 posta.
623 3428 680 3475 1⁴33
706 3416 809 3464 duxisse
831 3415 941 3474 videtur,
968 3416 1097 3465 Leonoroe
1113 3414 1147 3463 de
1166 3415 1191 3462 8.
1206 3412 1338 3462 Bonisacio

489 3508 580 3544 nomen
605 3503 668 3554 erat,
688 3495 780 3544 eadem
804 3496 893 3557 paucis
912 3495 983 3544 annis
1005 3502 1065 3558 post
1087 3494 1208 3545 defuncta
1231 3508 1254 3542 a.
1280 3494 1338 3552 14³8

490 3575 652 3626 Contensiam
676 3574 711 3627 de
727 3575 752 3626 8.
772 3575 888 3640 Georgio
904 3587 951 3624 seu
968 3574 1003 3625 de
1019 3575 1045 3626 8.
1064 3574 1215 3625 Sebastiano
1233 3588 1338 3624 uxorem
