2850 4694
659 586 713 669 πός

264 759 399 833 tillantis
425 759 603 833 vellamine
629 757 729 830 serici
757 774 861 853 caput
887 773 991 846 tecta,
1009 780 1111 853 quam

264 874 407 971 pulchra
432 891 468 947 et
493 873 600 947 nitida
616 872 718 946 vestis
736 871 897 946 ambibat.
932 873 982 945 Ut
998 887 1112 945 autem

263 989 303 1063 iis
327 975 442 1087 'dignis
472 1013 558 1087 quas
587 988 737 1086 opinaris
765 986 992 1062 exterioribus
1018 987 1113 1061 blan·

263 1104 362 1179 diciis
383 1104 523 1202 accepit
540 1103 776 1178 Camerarium
803 1102 837 1176 in
867 1102 1015 1191 fratrem,
1042 1126 1113 1199 quo

264 1221 527 1319 prestantiorem
553 1220 654 1295 alium
682 1220 751 1294 lata
776 1235 830 1293 est
855 1243 922 1293 nec
951 1217 1114 1293 accidere
1146 1247 1156 1298 r

264 1360 330 1410 nec
349 1361 495 1435 querere
513 1335 666 1434 potuisse
683 1334 861 1425 sororium,
872 1359 975 1431 quem
989 1333 1115 1407 ceteris

264 1451 421 1526 omnibus
447 1451 656 1550 preferebat,
674 1449 718 1523 ad
737 1474 791 1523 me
814 1474 981 1524 conversa
998 1449 1113 1548 hyllari

265 1568 378 1641 fronte
404 1567 588 1665 conspexit
613 1584 649 1640 et
674 1566 802 1663 duplici
825 1590 925 1639 manu
945 1591 999 1639 me
1017 1589 1114 1638 com-

264 1682 461 1780 prhendens
491 1706 553 1779 pre
587 1680 691 1755 nimio
723 1680 850 1778 gaudio
884 1682 989 1754 verba
1017 1704 1114 1754 com-

265 1798 370 1896 presit
394 1817 431 1872 et
456 1822 524 1871 vox
551 1797 706 1871 saucibus
733 1796 830 1871 hesit.
872 1796 1030 1871 Tandem
1057 1796 1114 1870 ubi
1130 1825 1160 1862 ιο

264 1938 447 2011 parumper
473 1913 654 2003 obmutuit,
672 1911 783 1985 oratio
801 1912 898 1985 simul
916 1929 951 1985 et
969 1911 1115 1985 comites

264 2029 403 2102 lacrime
439 2026 632 2126 prodivere,
668 2044 821 2124 tuncque
857 2051 923 2100 nec
949 2026 1040 2124 prius
1068 2026 1114 2100 de

266 2169 342 2218 mea
376 2167 601 2240 meorumque
635 2167 736 2240 quam
771 2141 816 2215 de
849 2141 1034 2239 genitricis,
1069 2141 1114 2214 de

264 2259 402 2332 Antonii
431 2258 539 2332 lratris
565 2258 715 2331 omnium
743 2256 963 2345 dilectissimi,
982 2256 1027 2330 de
1057 2275 1115 2330 tua

265 2398 308 2448 ac
333 2374 541 2470 reliquorum
572 2373 722 2446 omniurn
749 2376 857 2445 salute
884 2372 1112 2470 interrogavit.
1131 2402 1156 2452 15

266 2493 382 2590 Quam
402 2505 437 2562 ut
455 2505 584 2562 rectam
595 2487 774 2577 conscivit,
785 2487 817 2559 in
828 2488 928 2561 risum
946 2506 982 2561 et
1000 2488 1113 2561 iocum

265 2605 428 2679 suscitata
461 2604 572 2678 mollis
605 2605 764 2677 omnibus
798 2621 834 2677 et
868 2603 1004 2701 placida
1042 2623 1115 2678 erat

266 2723 378 2794 celum
398 2737 504 2793 terras
521 2738 556 2793 et
574 2719 679 2793 maria
696 2744 764 2792 non
783 2716 955 2816 negatura.
987 2720 1113 2793 Verum

265 2835 346 2932 quia
373 2835 505 2908 nebulis
527 2834 653 2908 madidi
672 2853 707 2907 et
723 2836 802 2932 gelu
830 2833 926 2932 rigidi
946 2835 1115 2908 tremeba-

266 2974 350 3039 mus,
377 2974 522 3024 ascensu
540 2950 666 3047 gradus
683 2951 915 3048 superavimus
928 2968 964 3024 et
981 2950 1014 3022 in
1033 2953 1114 3025 tala-
1130 2980 1160 3013 20

266 3091 367 3154 mum,
391 3091 493 3162 quem
512 3065 766 3140 ardentissimus
781 3067 954 3139 Vulcanus
973 3065 1114 3140 illustra·

266 3184 334 3269 bat,
344 3180 389 3254 ad
402 3181 566 3254 arendum
585 3197 621 3254 et
634 3179 815 3254 colendum
830 3180 952 3254 suimus
966 3180 1112 3254 immissi.

304 3347 392 3407 Tunc
405 3344 511 3407 domus
524 3346 644 3408 interior
657 3346 744 3426 regali
759 3345 911 3426 splendida
925 3346 994 3407 luxu

308 3443 437 3504 Multum
461 3454 523 3503 erat
542 3444 689 3517 instructa,
708 3455 830 3524 argento
845 3443 972 3524 fulgebat
985 3455 1015 3504 et
1029 3464 1110 3505 auro.

308 3542 373 3601 Nos
386 3538 489 3620 epulas
501 3539 598 3604 dirum
612 3540 719 3604 similes
733 3542 930 3604 mundavimus
944 3541 1016 3602 alvo.
1129 3573 1155 3623 ²5
