2850 4694
713 595 770 640 220

313 771 408 823 esses
435 748 493 846 qui
521 748 624 847 digne
652 749 696 821 illi
723 751 901 847 eloquenti
927 751 1000 824 viro
1027 776 1173 849 respon-

315 862 400 938 dere
419 889 549 961 posses.
572 867 662 939 Nam
681 889 759 939 cum
779 886 871 940 tuum
891 867 1062 964 ingenium
1081 867 1171 941 doc-

315 979 506 1078 trinamque
536 981 733 1071 considem,
764 983 894 1079 glorior
920 1008 974 1056 me
1001 983 1060 1056 tibi
1088 985 1174 1057 ami·

314 1094 484 1169 cissimam
527 1122 616 1185 esse,
660 1097 821 1194 quoniam
858 1123 901 1171 ex
936 1114 970 1172 te
1005 1124 1172 1173 summam

288 1243 297 1294 i
315 1235 483 1308 assequor
497 1211 642 1287 laudem.
661 1215 751 1285 Nam
766 1237 886 1286 omnes
904 1213 961 1310 qui
973 1231 1029 1286 tua
1043 1215 1172 1312 scripta

314 1326 358 1400 ad
386 1352 441 1400 me
468 1326 584 1401 vident
611 1352 737 1424 meque
764 1327 845 1400 tanti
876 1329 938 1401 abs
965 1344 999 1401 te
1017 1329 1090 1401 fieri
1108 1353 1171 1402 cm

313 1460 497 1540 gnoscunt,
517 1442 680 1540 optimam
700 1442 745 1515 de
761 1467 815 1515 me
834 1442 1037 1541 concipiunt
1053 1443 1171 1517 existi-

315 1557 511 1644 mationem,
538 1557 712 1655 quoniam‚
728 1575 762 1630 ut
790 1577 823 1629 tu
843 1583 911 1630 non
931 1557 1078 1655 ignoras,
1098 1583 1170 1632 ma-

312 1697 414 1771 gnam
444 1672 580 1747 laudem
611 1691 837 1769 assequuntur
868 1673 888 1744 ii
914 1698 1003 1770 quos
1029 1673 1170 1748 laudant

271 1823 300 1859 ιο
313 1788 440 1861 laudati
466 1788 535 1860 viri.
565 1791 648 1888 Qua
673 1813 717 1861 ex
744 1813 780 1861 re
803 1787 868 1861 tuis
886 1787 918 1860 in
937 1813 992 1861 me
1011 1788 1169 1863 laudibus

314 1903 373 1977 tibi
405 1928 472 2001 ago
501 1903 626 2002 gratias
651 1927 822 2001 agamque
848 1903 929 1976 dum
959 1903 1078 1977 vivam.
1113 1908 1169 1978 Te

312 2020 402 2093 enim
417 2045 492 2109 oro,
509 2044 552 2093 ne
566 2018 609 2092 ad
628 2044 683 2092 me
697 2018 850 2093 scribere
868 2043 998 2109 cesse&
1012 2043 1091 2093 cum
1111 2039 1170 2094 tua

313 2135 393 2208 mihi
418 2135 546 2232 scripta
569 2151 667 2228 grata
684 2133 750 2207 sint
767 2152 803 2207 et
821 2133 979 2209 iocunda.
999 2136 1096 2209 Vale.
1117 2138 1168 2208 Ex

312 2251 475 2325 Venetiis.

359 2471 391 2531 (2.
413 2471 434 2531 3)
459 2467 599 2516 doctrinam
624 2468 655 2515 R.
690 2469 722 2529 (ς.
741 2465 766 2527 ό)
793 2467 857 2514 Nam
874 2466 917 2527 qui
935 2478 1024 2514 omnes
1041 2466 1116 2527 quod
1132 2468 1168 2516 ad

312 2559 355 2598 iua
371 2562 420 2597 scr.
439 2548 471 2598 ad
488 2561 529 2596 me
546 2547 646 2596 videret
663 2548 694 2596 R.
738 2549 771 2609 (ὁ)
789 2548 851 2596 fiere
868 2549 896 2595 A.
931 2550 963 2609 (7.
983 2547 1008 2608 8)
1026 2549 1168 2598 extimatio-

312 2643 370 2677 nem
377 2632 406 2686 Α,
423 2628 636 2677 aestimationem?
669 2627 703 2690 (8)
714 2637 741 2676 tu
753 2640 799 2675 om.
809 2628 840 2675 R.
875 2627 907 2688 (8.
917 2628 942 2687 9)
954 2640 986 2674 m.
999 2641 1049 2675 ass.
1063 2628 1168 2677 laudem

312 2710 327 2756 ii
345 2711 376 2757 R.
411 2707 461 2772 (11)
485 2707 576 2771 gratias
600 2720 650 2770 ago
673 2709 702 2755 Α.
736 2706 787 2767 (12)
802 2713 888 2755 antem
905 2707 972 2754 oro?
1005 2710 1053 2768 (ις.
1073 2705 1111 2766 14)
1131 2708 1168 2755 Ex

312 2790 375 2836 Ven.
394 2790 479 2836 onam
514 2785 854 2849 &quiimianiaticiiom

470 2897 562 2949 &tuine
576 2898 678 2951 praeacuti
692 2895 786 2938 malici·
799 2895 889 2938 macula
904 2897 968 2938 vinna

471 2967 562 3019 Ennium
576 2966 648 3009 ltaliae
661 2966 736 3010 femina
751 2981 804 3018 rara,
818 2966 871 3009 vala.
