2850 4694
726 595 835 662 22'

319 790 496 847 venustate
522 799 583 847 vos
610 791 789 870 tantopere
815 772 907 846 auxit
932 772 1105 862 industria,
1132 789 1168 844 ut

319 912 420 962 nemo
433 888 476 963 sit
489 889 547 986 qui
561 889 701 962 eximias
715 889 854 962 virtutes
868 905 997 961 vestras
1010 887 1167 977 audierit,

318 1028 361 1076 ne
380 1028 440 1077 vos
457 1028 676 1101 summopere
702 1003 925 1077 commendet
941 1022 977 1076 et
998 1002 1168 1100 praedicet

316 1136 352 1193 et
370 1122 459 1193 hanc
475 1120 662 1194 studiorum
683 1120 866 1193 novitatem
886 1120 918 1192 in
937 1120 1034 1193 vobis
1047 1121 1167 1193 obser-

291 1267 300 1317 t
317 1236 510 1309 mitissime
528 1237 666 1309 laudare
685 1235 883 1309 contendat.
909 1238 983 1332 Ego
1001 1259 1084 1308 vero
1101 1234 1166 1306 vir-

316 1351 378 1424 tuti
408 1369 530 1425 vestrae
557 1351 668 1440 faveo,
687 1351 742 1424 illa
767 1350 925 1424 delector
951 1351 1101 1448 inprimis
1131 1367 1167 1423 et

315 1492 378 1541 vos
411 1484 582 1565 tamquam
618 1467 763 1564 virgines
796 1491 911 1540 sacras
945 1492 988 1540 ex
1025 1466 1165 1541 Pallade

314 1582 447 1679 genitas
461 1582 682 1655 veneratione
700 1581 847 1678 quadam
861 1581 1020 1656 admiror.
1040 1582 1074 1654 Si
1093 1609 1165 1655 um-

315 1720 418 1793 quam
429 1697 528 1770 bonis
537 1697 664 1770 artibus
674 1697 797 1794 quibus
806 1723 861 1770 me
870 1697 1076 1770 ornatiorem
1088 1696 1165 1770 red-

274 1842 303 1878 10
315 1811 433 1885 derem
451 1813 675 1901 elaborarem,
695 1837 784 1884 nunc
811 1836 1037 1909 percuperem
1055 1812 1165 1884 libens

315 1943 409 2000 tanta
425 1927 673 2000 exercitatione
691 1926 842 2017 dicendi,
857 1927 1056 2024 eloquentia
1074 1942 1166 2000 tanta

316 2042 461 2140 linguam
489 2044 732 2140 locupletasse,
753 2061 788 2115 ut
808 2045 962 2140 aequales
988 2043 1164 2114 virtutibus

314 2158 434 2231 vestris
459 2157 578 2231 laudes
604 2158 759 2255 prolerre
789 2182 938 2254 possem.
971 2157 1174 2230 Collocatis.

315 2298 370 2346 me
401 2273 433 2345 in
463 2273 672 2369 amplissimo
702 2273 905 2346 laudationis
933 2273 1053 2369 gradu,
1085 2298 1165 2370 quae

273 2421 298 2471 ις
315 2387 478 2485 epistolas
496 2411 590 2461 meas
608 2388 765 2460 virtutum
784 2405 967 2460 vestrarum
987 2388 1163 2484 praemium

314 2526 393 2576 esse
426 2503 642 2575 arbitramini.
689 2503 800 2576 Nimis
841 2527 909 2599 ego
944 2503 1165 2599 magnificen-

316 2616 449 2690 tissimis
475 2616 624 2690 decretis
655 2618 773 2690 vestris
802 2643 875 2690 sum
906 2619 1165 2708 cohonestatus,

315 2732 413 2805 nimis
431 2749 545 2805 vestro
563 2733 722 2830 singulari
739 2732 853 2806 studio
870 2749 974 2830 atque
993 2759 1164 2807 consensu

315 2847 505 2920 immortale
532 2848 671 2921 honoris
692 2847 852 2922 iudicium
871 2848 990 2923 videor
1006 2849 1163 2946 adeptus.

271 3001 302 3036 πο
317 2964 400 3035 Νοη
417 2961 603 3053 diffitebor,
620 2987 664 3036 ea
679 2963 798 3060 gloria,
825 2982 937 3038 vestra
953 2964 999 3038 de
1017 2990 1073 3037 me
1090 2965 1166 3061 opi-

360 3101 395 3166 (ι)
409 3111 541 3150 venustate
554 3105 579 3150 V.
604 3104 668 3151 ausit
682 3105 707 3150 V.
733 3102 887 3167 (qinobisC.
915 3106 946 3168 (4.
959 3104 980 3168 ς)
993 3105 1121 3153 observat.
1137 3105 1163 3151 V.

316 3180 350 3245 (ς)
366 3186 539 3243 verojautem
556 3182 585 3230 (ὲ
620 3182 653 3245 (ὁ)
669 3183 713 3231 dil.
732 3184 761 3232 C.
803 3184 940 3245 etlsedC.
975 3184 1008 3246 (7)
1022 3184 1124 3232 Pallada
1134 3185 1163 3232 C.

316 3259 384 3326 (8.9)
401 3276 478 3322 unqu.
502 3264 528 3309 V.
563 3262 755 3324 (rolelaboram
771 3264 804 3312 G.
834 3263 925 3311 lubens
942 3266 967 3311 V.
1003 3263 1052 3326 (11)
1067 3271 1165 3311 exona·

315 3341 385 3389 tione
394 3341 423 3401 C,
433 3343 609 3391 exhortatione
617 3343 680 3391 GM.
700 3343 722 3405 (1
729 3357 748 3391 1.
755 3342 791 3405 ιι)
799 3342 848 3392 dic.
858 3351 925 3391 tanta
933 3345 965 3391 el.
975 3352 1042 3391 tanta
1050 3343 1163 3405 linguae.

316 3420 366 3484 (η)
380 3423 473 3470 vostris
495 3423 521 3471 V.
545 3422 595 3486 (ις)
612 3425 772 3485 prohemium
790 3424 820 3473 C.
855 3422 967 3486 (16-ιὸ)
984 3438 1035 3485 ego
1052 3437 1165 3485 magn-

315 3502 373 3549 coh.
392 3502 464 3550 nimis
479 3515 525 3550 om.
545 3503 578 3550 G.
613 3500 663 3564 (ιθ)
681 3517 704 3551 n.
722 3517 817 3553 veros.
835 3503 864 3552 0
900 3504 949 3567 (ιο)
961 3503 1088 3551 diffitebor
1099 3503 1163 3561 GM,

314 3570 427 3620 dithteor
443 3572 469 3620 V.
481 3572 516 3620 de
527 3586 584 3620 mea
597 3574 659 3622 GM.
