2926 5168
684 1091 738 1156 245

282 1245 463 1343 Appolinis
494 1243 657 1318 iudicium
692 1244 895 1320 extimemus
929 1262 1035 1343 tuque
1070 1245 1134 1318 iam

284 1362 391 1436 habes
413 1378 471 1434 tua
489 1360 521 1433 in
545 1361 726 1458 pubertate
745 1385 942 1457 cognomen
960 1361 1133 1460 sapientis.

285 1478 407 1575 Quare
429 1492 522 1551 tanta
536 1500 618 1549 cura
637 1477 726 1549 nitor
746 1494 859 1549 tecum
877 1476 1033 1551 stabilem
1052 1478 1136 1550 ami-

283 1591 405 1665 ciciam
433 1591 613 1666 continere
639 1609 675 1665 et
701 1615 744 1665 ex
771 1609 830 1665 tua
856 1592 889 1664 in
916 1616 971 1665 me
1010 1578 1137 1666 collata

282 1708 392 1806 gratia
418 1707 535 1781 maiori
566 1707 687 1804 precio
705 1708 823 1781 haberi
841 1733 955 1806 spero.
977 1710 1019 1781 Et
1035 1709 1084 1782 ob
1102 1707 1136 1781 id
1170 1739 1178 1789 ς

285 1847 329 1896 ne
350 1848 370 1896 a
388 1849 443 1896 me
461 1822 632 1912 discedas,
651 1848 761 1921 quero
779 1823 839 1896 tibi
858 1824 950 1896 omni
969 1822 1083 1897 studio
1101 1840 1137 1897 et

285 1939 516 2013 benivolentia
533 1964 575 2013 ac
594 1957 723 2013 tuarum
743 1939 878 2013 laudum
898 1939 1136 2037 predicatione

286 2055 426 2151 propius
456 2053 635 2128 adherere.
661 2055 776 2128 Beasti
809 2055 924 2151 itaque
955 2080 1010 2128 me
1041 2053 1136 2151 quod

285 2168 376 2244 adeo
402 2189 495 2244 tuum
522 2170 555 2243 in
582 2195 734 2244 amorem
762 2170 967 2269 corripuisti,
992 2187 1027 2243 ut
1045 2170 1137 2243 nullo

285 2285 424 2386 violenti
464 2284 627 2360 distractu
670 2284 788 2383 dirripi
832 2285 972 2383 possim,
1015 2285 1184 2381 sicque10

286 2400 402 2496 quoad
437 2401 559 2475 vixeris
594 2401 724 2474 firmum
757 2418 875 2474 tenere
905 2400 1064 2498 pepigisti
1102 2417 1138 2473 et

286 2540 354 2613 ego
372 2541 428 2589 me
446 2516 506 2588 tibi
524 2516 671 2590 vicissim
690 2515 789 2590 trado
808 2533 977 2591 tenacem.
998 2519 1101 2618 Quos
1118 2541 1139 2589 a

287 2656 341 2703 me
353 2631 498 2728 petivisti
518 2648 608 2705 terre
623 2631 711 2705 setus
725 2632 818 2704 omni
833 2631 1027 2728 perquiram
1043 2629 1138 2704 inda·

284 2745 374 2841 gine.
395 2745 465 2819 Sed
479 2745 630 2844 despero
648 2748 777 2820 habere
796 2770 900 2844 posse
919 2746 980 2820 nisi
1000 2744 1137 2819 Garde-

287 2883 401 2933 sanam
417 2862 573 2935 amissam
588 2861 804 2958 recipiamus,
820 2860 911 2934 unde
926 2861 1004 2934 talia
1018 2862 1139 2934 tubera
1156 2888 1181 2936 15

288 2993 419 3049 tumere
440 2995 476 3050 et
495 2977 634 3075 prodire
651 2980 773 3051 soient.
793 2980 952 3050 Attamen
972 2976 1138 3074 reliquum

288 3114 391 3187 quem
426 3093 641 3189 possidemus
676 3117 792 3191 agrum
832 3093 963 3167 lustrari
993 3092 1139 3189 diesque

289 3222 481 3304 noctesque
513 3209 646 3299 faciam,
691 3226 726 3282 ut
756 3225 813 3281 tue
853 3232 983 3282 morem
1021 3232 1137 3306 geram

288 3323 461 3398 voluntati.
492 3324 594 3397 Nosti
616 3348 720 3420 quam
751 3347 879 3420 pronus
896 3340 933 3397 et
950 3322 1059 3397 facilis
1077 3323 1138 3396 sim

288 3438 353 3512 tuis
365 3462 486 3535 parere
500 3437 676 3513 mandatis.
687 3441 773 3512 Vale
791 3455 827 3511 et
844 3456 966 3512 metue
982 3438 1139 3537 genitrici
1154 3465 1185 3500 ιο

288 3570 325 3626 et
349 3553 532 3650 splendido
553 3554 705 3628 Antonio
727 3553 818 3627 sratri
836 3554 963 3628 eteius
980 3554 1139 3628 amantis·

288 3669 372 3742 sime
383 3668 945 3767 coniugietreliquistuisomnibus
956 3668 1138 3759 comenda,

290 3785 513 3860 Comendato
539 3786 619 3860 item
647 3809 702 3858 me
731 3784 813 3859 vivis
830 3785 942 3858 verbis
959 3785 1140 3882 sapientis-

289 3901 377 3974 simo
403 3904 468 3974 lac.
498 3902 697 3999 Lavegnolo
714 3917 750 3974 et
774 3901 1020 3973 Bartholomee
1039 3899 1139 3997 iugali

291 4016 370 4088 mihi
414 4015 647 4112 compatribus
689 4013 919 4090 dilectissimis
969 4032 1005 4087 et
1054 4038 1139 4111 sepe
1155 4042 1182 4092 23
