2850 4694
868 564 926 609 200

467 717 559 791 nime
577 718 763 792 convenire
788 719 984 793 existimans
1009 746 1117 794 onera
1134 722 1210 794 viris
1226 747 1319 819 prae-

465 832 679 907 stantissimis
708 833 933 932 relinquenda
950 836 1075 909 subire.
1102 836 1318 910 Perditficite

466 946 583 1044 itaque
592 966 627 1021 et
637 949 818 1022 maximum
829 950 1023 1048 suscepisse
1037 952 1211 1048 negotium
1230 977 1317 1025 con-

466 1062 576 1153 fiteor,
595 1089 663 1137 non
679 1064 762 1136 meis
781 1063 867 1137 freta
884 1065 1021 1155 viribus,
1033 1090 1102 1138 non
1120 1067 1260 1139 dicendi
1272 1068 1316 1151 vi,

439 1205 449 1257 t
465 1202 534 1250 non
551 1179 762 1277 eloquentiae
778 1180 888 1276 gloria
913 1179 1077 1271 adducta,
1096 1181 1159 1254 sed
1177 1185 1261 1271 sola,
1283 1200 1318 1254 ut

463 1294 670 1391 Augustinus
696 1295 816 1392 inquit,
847 1319 950 1392 quam
986 1297 1176 1369 secundum
1211 1297 1316 1370 deum

464 1410 579 1482 animo
588 1433 631 1482 ac
649 1428 763 1484 mente
781 1411 942 1508 concepi,
961 1411 1111 1485 caritatis
1130 1429 1197 1486 tuae
1211 1437 1317 1487 causa

464 1527 654 1621 compulsa,
669 1552 748 1624 quae
760 1552 814 1600 me
833 1528 981 1625 ignaram
1000 1527 1127 1625 pariter
1144 1545 1179 1601 et
1194 1529 1317 1602 indoc-

464 1654 531 1713 tam
558 1640 604 1714 ita
628 1640 875 1715 addicendum
899 1645 1053 1715 hortatur
1079 1660 1114 1716 et
1132 1663 1315 1742 provocat,

421 1781 451 1817 ιο
465 1771 500 1827 ut
517 1779 596 1829 cum
615 1758 708 1854 loqui
736 1757 899 1846 nesciam,
928 1775 1045 1831 tacere
1076 1784 1144 1831 non
1172 1761 1312 1856 possim.

457 1872 505 1943 Tu
517 1870 973 1968 igiturprotuahumanitate
984 1872 1108 1947 nudam
1120 1876 1314 1949 hancnullo

463 2003 585 2059 ornatu
605 1989 764 2085 nullaque
777 2004 955 2061 venustate
969 2005 1144 2086 comptam
1159 1991 1315 2087 accipies

462 2101 644 2198 epistolam
658 2104 740 2177 ioco
755 2102 901 2176 muneris
914 2105 1133 2178 excellentiae
1147 2123 1215 2179 tuae
1234 2131 1315 2202 por-

463 2233 592 2289 rectam
619 2240 640 2291 a
665 2241 720 2290 me
747 2217 887 2291 muliere
913 2217 1011 2291 huius
1029 2219 1196 2315 propositi
1215 2239 1252 2294 et
1268 2224 1314 2294 ab

421 2357 447 2409 1t
463 2355 547 2404 auro
573 2333 745 2429 rebusque
767 2333 1019 2429 pretiosissimis
1037 2334 1172 2431 penitus
1189 2336 1312 2410 aliena.

465 2446 623 2544 Benigno
660 2472 763 2546 quam
803 2472 845 2521 ac
879 2448 973 2522 hilari
1008 2451 1112 2538 vultu,
1148 2468 1183 2523 ut
1221 2455 1313 2525 soles

462 2562 587 2652 omnia,
606 2563 770 2660 accipies,
792 2581 891 2660 pater
917 2565 1209 2655 reverendissime,
1232 2591 1312 2641 cum

462 2700 527 2772 pro
549 2693 606 2750 tua
629 2678 798 2776 sapientia
815 2679 925 2775 probe
943 2680 1044 2769 nosti,
1062 2703 1179 2753 aurum
1197 2706 1314 2779 neque

509 2957 541 3020 (r.
561 2958 584 3020 ι)
601 2958 759 3021 peritissimis
774 2959 826 3007 EV.
870 2960 904 3021 (3)
921 2961 1024 3023 suscepi
1042 2961 1079 3009 Μ.
1122 2960 1156 3023 (5)
1172 2961 1265 3012 educta
1280 2963 1310 3012 C.

462 3037 496 3101 (7)
520 3039 589 3086 char.
613 3038 665 3086 EV.
699 3037 731 3097 (7.
749 3037 774 3099 8)
798 3050 875 3087 causa
900 3039 1041 3099 compulsa]
1064 3047 1113 3088 tam
1130 3043 1263 3102 compulsa
1280 3043 1311 3100 Q

462 3118 608 3177 praestantia
623 3119 651 3177 Ε,
676 3130 753 3167 causa
775 3132 949 3181 compressam
975 3119 1003 3167 V.
1038 3120 1086 3183 ign.
1105 3121 1212 3183 peritam
1227 3123 1313 3171 effecit

462 3198 530 3245 etE.
565 3206 592 3247 et
612 3210 658 3246 unt.
686 3199 719 3247 G,
752 3197 801 3262 (ro)
820 3201 834 3247 Ι.
854 3213 895 3247 me
912 3213 935 3246 n.
955 3200 988 3258 G,
1006 3202 1020 3248 Ι.
1041 3214 1072 3248 ne
1090 3215 1113 3248 n.
1132 3202 1170 3250 Μ.
1206 3216 1313 3263 possum

462 3277 745 3341 CG.(12)curruptatu
760 3279 823 3329 GM.
857 3279 967 3342 accipias
982 3281 1015 3329 G.
1050 3281 1259 3343 (15)pen.areua
1278 3285 1311 3332 G.

461 3357 512 3419 (ro)
529 3357 638 3420 benigne
651 3358 708 3418 CG,
719 3359 827 3422 benigna
840 3359 867 3407 V.
901 3359 973 3420 quod
982 3360 1012 3418 C,
1023 3360 1128 3420 quidem
1141 3362 1205 3419 GM,
1218 3376 1265 3410 onr.
1284 3365 1311 3412 V.

462 3436 541 3498 hylari
557 3437 642 3486 CMV.
687 3436 735 3498 (rb.
758 3439 795 3501 17)
818 3439 901 3487 omnia
920 3440 989 3489 soles
1016 3440 1068 3488 BV.
1103 3439 1152 3502 (18)
1181 3444 1262 3491 nostis
1281 3444 1312 3499 C.

459 3527 603 3578 cognoscas
619 3516 647 3573 Ε,
667 3517 750 3564 noscis
764 3518 790 3564 V.
