2850 4694
503 931 600 1000 XXI.

288 1200 420 1262 (venetiis,
441 1201 561 1250 Calendis
580 1201 676 1249 Martiis
692 1215 714 1249 a.
734 1201 812 1263 1438.)

126 1426 284 1501 Antonius
314 1426 487 1501 Cassan'us
511 1426 684 1500 Siciliensis
708 1423 976 1525 eloquentissima·

125 1551 222 1641 alque
240 1542 453 1616 ornatissimae
470 1541 581 1639 virgini
596 1544 695 1614 isoloe
711 1522 890 1639 Nognrolic
906 1541 972 1614 Sal.

446 1657 532 1730 Plus.
552 1655 651 1730 Dici.
1007 1680 1017 1731 l

136 1922 181 2023 ,'
216 1932 238 1948 ’
270 1966 448 2014 Roxniis
482 1940 617 2028 diebus,
646 1942 736 2012 isola
765 1938 973 2029 doctissima,

145 2058 154 2153 J
233 2122 265 2164 Γ,
314 2081 392 2129 cum
427 2055 618 2129 eGraecia
656 2054 793 2128 rediens
822 2055 975 2152 navigas·

126 2160 153 2216 '2‘
194 2156 232 2191 “
312 2195 385 2243 sem
420 2188 455 2242 et
488 2195 599 2243 essem
635 2171 778 2267 primum
812 2170 975 2245 Venetias

124 2284 301 2372 advectus,
333 2284 462 2381 cupido
493 2284 573 2357 mihi
608 2302 644 2357 et
673 2310 716 2358 ea
746 2302 842 2358 certe
872 2310 974 2381 quam

124 2399 271 2472 maxima
297 2399 494 2485 incesserat,
516 2417 550 2472 ut
573 2425 640 2472 non
663 2402 772 2473 solum
799 2425 862 2473 eos
887 2400 1020 2478 vise-10

124 2538 196 2586 rem
231 2538 319 2610 quos
349 2531 468 2587 vetere
503 2514 734 2589 benivolentia
767 2515 973 2588 coniunctos

124 2630 321 2717 habueram,
351 2629 415 2702 sed
445 2630 471 2702 si
503 2655 592 2726 quos
617 2631 720 2704 eliam
750 2630 819 2703 illic
848 2631 974 2705 doctos

171 2787 263 2837 collui
280 2796 354 2836 sunl:
373 2787 464 2837 Codex
482 2788 688 2838 vindobonensis
707 2803 743 2836 nr.
760 2789 881 2852 3481(C).
896 2789 974 2840 Guel-

124 2867 271 2930 lerbyunus
287 2866 343 2930 (G),
363 2868 526 2917 Monacensis
543 2867 602 2930 (M),
621 2869 779 2917 Veronensis
795 2867 848 2932 (V).

170 2948 294 2996 Antonius
320 2947 453 2996 Cassarius
468 2948 605 2996 Siciliensis
622 2949 839 3009 eloquentissimis
855 2962 885 2997 ec
901 2962 975 2997 ornn-

124 3027 225 3075 lissimis
242 3028 379 3089 virginibus
397 3027 508 3075 Zinebre
525 3035 550 3075 et
570 3029 637 3075 lsotc
655 3041 680 3088 p.
699 3026 724 3076 d.
738 3041 758 3076 s.
772 3027 931 3076 esililulusin
943 3028 972 3085 C,

123 3108 264 3155 Anthonius
286 3108 418 3155 cassarius
441 3108 577 3156 Siciliensis
603 3110 699 3156 Ysolhe
723 3108 811 3170 virgini
836 3108 974 3156 doctissimi

123 3200 154 3235 ac
170 3187 328 3235 ornatissime
345 3201 365 3235 s.
385 3202 410 3249 p.
430 3187 455 3234 d.
474 3186 498 3234 in
511 3189 543 3244 G,
557 3187 681 3236 Antonius
694 3188 826 3236 Casserius
837 3188 974 3236 Siciliensis

126 3269 194 3315 isole
211 3268 298 3330 virgini
316 3267 421 3315 doctiss.
440 3280 471 3316 ac
487 3268 608 3329 proximis
625 3268 721 3315 ornetis
738 3268 762 3316 S.
784 3269 816 3315 D.
837 3269 865 3315 Ρ.
893 3267 918 3315 in
934 3269 972 3317 M.

124 3344 158 3407 (4)
184 3348 270 3394 lsottae
300 3347 326 3394 V.
369 3346 403 3410 (ὁ)
429 3348 525 3395 lisollin
551 3347 583 3405 G,
612 3349 689 3395 lsolln
710 3349 736 3394 V.
772 3347 805 3409 (7)
830 3348 910 3409 grclia
934 3348 972 3397 M.

125 3423 246 3474 reddiens
258 3428 284 3474 V.
320 3425 353 3488 (8)
363 3426 447 3488 primo
457 3427 520 3475 GM.
556 3426 589 3489 (9)
601 3425 728 3476 adductus
742 3428 768 3474 V.
804 3426 975 3490 (lolincusse

125 3514 162 3552 ccl
186 3505 223 3553 Μ.
266 3506 316 3567 (11)
341 3514 415 3554 ulere
440 3506 470 3564 C,
497 3507 578 3554 veleri
597 3507 629 3565 G,
649 3506 700 3554 voli
719 3508 756 3556 Μ.
791 3505 841 3570 (12)
857 3515 897 3555 sel
915 3509 972 3556 GV.

124 3585 145 3632 si
162 3585 237 3633 ellam
254 3598 321 3646 quos
337 3585 430 3635 doctos
448 3587 497 3634 illic
517 3587 543 3633 V.
