2850 4694
715 612 772 674 230

313 788 349 844 et
357 789 585 868 sequerentur
601 788 637 844 et
654 795 715 844 sua
732 769 847 843 omnia
855 787 891 843 et
908 769 1003 842 dicta
1019 786 1057 842 et
1074 767 1165 842 sacta

313 887 508 983 probarent
520 885 696 983 Superbis‚
713 901 864 973 autumo,
875 882 970 981 quod
981 908 1084 981 super
1093 909 1168 957 om·

313 1027 374 1076 nes
392 1001 595 1077 clarissimas
613 1001 759 1098 virgines
784 1000 905 1074 virtute
931 999 1167 1098 superemines

312 1119 473 1208 exaltata,
487 1116 579 1191 adde
597 1115 693 1213 quod
708 1116 806 1190 turba
819 1133 1012 1214 magnatum
1027 1117 1166 1188 creber-

288 1247 382 1329 5quc
408 1252 599 1306 conventus
621 1233 806 1306 observant
832 1231 924 1305 sores
949 1248 986 1304 et
1016 1231 1165 1305 nubilem

312 1349 535 1424 circumstant
557 1347 672 1437 edem,
692 1365 728 1420 ut
754 1346 912 1421 modesta
941 1371 1003 1421 sua
1033 1345 1167 1421 discant

312 1466 417 1540 verba
430 1482 621 1562 notentque
633 1481 732 1561 gesta
745 1462 882 1561 pudica.
904 1464 994 1537 Nam

353 1595 475 1676 Singula
488 1596 547 1656 visa
560 1592 651 1655 semel
666 1611 784 1675 semper
797 1610 961 1655 memorare
976 1592 1083 1655 licebit.

354 1692 513 1754 Herebunt
526 1693 624 1753 animo
640 1703 727 1752 nocte
740 1690 850 1771 dieque
864 1709 928 1752 suo.

271 1851 299 1885 ιο
360 1809 431 1884 Sed
448 1833 553 1907 spero
571 1809 717 1883 futurum
745 1826 881 1906 tempus
914 1833 1004 1899 esse,
1023 1834 1096 1906 quo
1114 1833 1166 1882 re·

312 1926 451 2000 vertaris
481 1926 513 1999 in
544 1925 687 2023 patriam
716 1942 754 1998 et
779 1942 856 1998 tuos
881 1924 999 1998 venias
1024 1926 1166 1999 lustrare

313 2059 466 2139 penates.
488 2043 579 2115 Nam
598 2040 678 2115 mihi
690 2041 827 2115 deserta
844 2040 1033 2138 experieris
1052 2039 1165 2130 faxim,

312 2156 395 2255 quid
430 2175 566 2231 veteres
601 2174 679 2230 tuos
708 2174 744 2230 et
777 2156 900 2254 inopes
930 2155 1103 2230 ministros
1131 2174 1166 2230 et

312 2296 482 2371 sequaces
509 2296 573 2369 pro
591 2270 688 2345 novis
713 2289 748 2345 ct
773 2270 964 2369 splendidis
989 2288 1165 2368 spectato·

272 2429 296 2479 ις
313 2388 404 2461 ribus
421 2386 683 2484 contempseris.
717 2388 791 2485 Ego
814 2404 895 2460 tunc
922 2410 984 2483 per
1012 2386 1166 2484 compita

313 2502 490 2577 discurens
519 2501 642 2576 divites
660 2526 781 2575 omnes
799 2525 928 2601 procos
952 2502 1106 2576 vestibus
1130 2519 1165 2575 et

312 2643 397 2692 auro
419 2617 585 2692 micantes
609 2635 708 2691 atuo
734 2617 804 2691 visu
831 2618 965 2706 terebo‚
987 2617 1035 2690 ita
1054 2636 1089 2691 ut
1107 2642 1164 2692 ne

314 2733 438 2806 minem
455 2750 633 2807 venustum
651 2750 687 2806 et
696 2731 919 2806 luxuriantem
929 2732 1035 2806 virum
1051 2751 1166 2832 preter

312 2847 487 2947 squalidos
513 2863 550 2923 et
575 2848 721 2922 incultos
743 2847 859 2921 fabros
880 2846 940 2920 tibi
957 2847 1165 2922 obsistentes

271 3008 301 3043 ω
314 2962 431 3037 videre
448 2963 569 3062 possis.
588 2964 675 3037 Vale
692 2979 728 3037 et
745 2960 918 3036 comenda
935 2987 991 3036 me
1006 2963 1164 3060 genitrici

315 3079 554 3155 humanissime
583 3097 619 3152 et
650 3079 715 3153 tuis
735 3078 903 3152 omnibus.
945 3080 995 3151 Ex
1025 3081 1164 3153 Verona

314 3195 425 3293 pridie
445 3194 623 3270 Kalendas
640 3195 775 3292 Apriles
795 3219 893 3292 ¹439·

313 3372 340 3431 Α
353 3375 425 3450 tergo
435 3391 447 3431 .·
458 3369 626 3433 Clarissimo
636 3381 666 3430 et
674 3368 835 3450 elloquenti
843 3369 944 3449 virgini
952 3368 1074 3449 domine
1087 3371 1165 3431 lsote

459 3467 499 3529 de
523 3467 681 3550 Nogarolis
701 3486 754 3529 sue
776 3478 875 3549 preter
894 3478 1007 3528 ceteras
1019 3467 1165 3529 colendis·

459 3565 531 3627 sime
1021 3565 1161 3626 Veneriis.
