2850 4694
533 576 582 649 ¹7¹

129 740 179 814 sic
204 740 382 831 enarravit,
411 758 445 813 ut
471 767 550 838 quae
573 758 744 839 optantur,
763 769 842 840 quae
861 740 979 818 invita

129 874 345 954 expetuntur,
380 881 424 929 ea
457 857 572 930 omnia
605 875 799 931 assecutum
834 875 868 932 te
902 883 979 933 esse

130 989 305 1046 testentur.
338 974 431 1073 Quae
462 998 540 1045 cum
571 974 616 1046 ab
645 998 691 1046 eo
721 974 903 1065 audissem,
935 975 980 1048 ita

128 1088 286 1186 singulari
313 1106 349 1161 et
375 1088 500 1187 ingenii
526 1106 562 1161 et
588 1089 775 1163 studiorum
794 1108 830 1163 et
848 1115 979 1163 morum

128 1223 262 1278 tuorum
275 1230 393 1279 amore
407 1205 555 1303 flagravi,
571 1223 605 1278 ut
620 1205 698 1279 huic
713 1231 792 1279 meo
805 1205 979 1279 scribendi
1011 1235 1021 1287 t

127 1321 302 1395 desiderio
321 1321 457 1394 minime
476 1323 614 1395 obstare
633 1321 813 1419 potuerim,
828 1321 910 1395 licet
926 1347 979 1395 ar·

127 1437 247 1511 dorem
267 1439 357 1511 hunc
376 1461 488 1510 meum
505 1437 638 1535 pudore
653 1461 815 1534 nugarum
827 1462 977 1510 mearum

127 1554 419 1651 compressissem.
452 1556 578 1626 Verum
611 1556 745 1626 hortatu
775 1569 811 1625 et
833 1553 976 1650 impulsu

126 1669 200 1742 eius
226 1671 295 1743 hoc
313 1695 400 1743 onus
418 1693 562 1741 renuere
582 1694 650 1741 non
668 1694 741 1741 sum
760 1693 852 1758 ausa,
872 1693 977 1765 quare

128 1787 196 1858 hoc
214 1801 328 1858 tecum
348 1784 476 1881 pacisci
495 1784 667 1873 constitui,
682 1808 725 1856 ne
739 1784 866 1857 litteras
885 1808 977 1858 meas
994 1808 1024 1844 10

128 1901 200 1999 ipse
235 1901 378 1975 deludas
410 1917 581 1996 tamquam
609 1903 739 1998 puellas
770 1900 978 1973 subrusticus

127 2019 218 2092 nullo
236 2036 368 2106 ornatu,
389 2020 477 2090 nulla
494 2033 671 2089 venustate
690 2033 858 2113 comptas,
874 2016 977 2089 immo

127 2132 240 2230 potius
256 2158 316 2207 eas
339 2151 395 2206 tua
415 2132 590 2222 comitate,
611 2131 801 2204 urbanitate
818 2155 861 2204 ac
878 2131 978 2204 solita

126 2249 333 2322 humanitate
368 2247 534 2346 suscipias
568 2265 603 2320 et
637 2250 845 2343 amplexare,
880 2251 977 2320 Arta-

126 2388 257 2437 xersem
289 2388 404 2461 regern
436 2366 616 2436 Persarum
649 2363 805 2452 imitatus,
830 2363 888 2459 qui
908 2388 975 2436 non
993 2382 1018 2431 ¹t

126 2479 234 2551 minus
272 2480 414 2577 putabat
449 2478 578 2575 regium
613 2495 648 2550 et
683 2480 863 2551 humanum
899 2502 975 2565 esse

126 2617 229 2690 parva
255 2594 403 2691 benigne
425 2617 467 2666 ac
487 2611 647 2691 prompte
672 2593 846 2691 accipere,
874 2618 975 2690 quam

173 2821 207 2884 (1)
223 2824 254 2871 sit
272 2823 309 2872 M.
344 2822 487 2872 enarrando
506 2824 569 2872 GM.
604 2832 658 2884 opt.
687 2832 712 2870 ut
735 2836 794 2882 que
817 2823 839 2870 in
862 2823 926 2872 victa
944 2823 973 2873 C.

127 2901 160 2965 (2)
177 2911 347 2964 expectuntur
364 2903 392 2952 α
435 2911 460 2951 te
477 2917 546 2951 omm.
575 2903 635 2952 CM.
671 2903 703 2966 (ς)
721 2912 831 2952 testetur
847 2904 910 2952 GM.
942 2904 975 2953 ab

126 2983 169 3044 eo]
194 2982 262 3031 adeo
288 2983 351 3032 GM.
393 2983 553 3045 (timorati.
574 2984 606 3032 G.
643 2984 743 3032 hincC.
779 2983 812 3046 (t)
830 2984 925 3033 distare
945 2985 972 3031 V.

127 3062 158 3124 (7)
177 3077 234 3126 nug.
254 3076 310 3111 mea
327 3064 356 3112 C.
399 3063 432 3126 (8)
454 3064 650 3124 compresissem
668 3064 728 3112 CM.
763 3063 795 3126 (9)
815 3065 926 3112 retinere
944 3064 973 3112 C.

126 3142 171 3189 sim
189 3143 242 3191 CV.
289 3143 479 3205 (toipacisiG.
525 3142 728 3204 (11)puelasC.
772 3143 821 3206 (12)
837 3157 921 3206 ymmo
943 3143 973 3202 C,

125 3235 183 3282 ymo
196 3223 259 3279 GM,
280 3224 329 3270 imo
346 3224 372 3270 V.
407 3223 456 3285 (ις)
468 3223 565 3284 potitus
577 3224 614 3272 M.
643 3224 797 3271 comunitate
810 3223 839 3272 C.
875 3225 973 3273 etGM.

126 3299 174 3363 (14)
188 3303 325 3364 amplexari
341 3303 373 3351 G.
408 3303 454 3363 (14.
475 3303 738 3364 15)artaxerssemG,
756 3312 912 3352 artaxerxem
935 3304 973 3362 Μ,

125 3382 309 3429 arthaxerssem
331 3383 357 3429 V.
392 3380 442 3445 (ις)
466 3383 601 3430 Persarum
626 3396 671 3430 om.
703 3384 729 3430 V.
764 3383 918 3431 imittandum
940 3383 972 3443 C,

126 3461 260 3510 imitantem
281 3462 344 3518 GM,
368 3462 503 3510 imitantem
525 3467 640 3525 suprascr.
665 3463 761 3510 imitans
785 3464 811 3509 V.
856 3475 909 3523 quo
938 3464 971 3512 G.

54 3608 57 3612 ἡ
125 3539 174 3604 (¹7)
191 3541 301 3604 benigno
319 3542 347 3590 (ἱ
383 3552 500 3604 prompta
517 3544 549 3591 G.
