2850 4694
462 1378 510 1426 DE
530 1378 647 1427 arants
666 1377 943 1427 MANUSCRlPTlS
961 1378 1103 1439 QUIBUS
1122 1378 1229 1427 lSOTAE

510 1536 722 1587 NOGAROLAE
745 1537 868 1586 OPERA
889 1537 1177 1587 CONTlNENTUR.

467 1930 642 2004 Absolutis
675 1930 740 2004 iarn
775 1930 821 2004 de
848 1934 949 2005 lsotae
975 1932 1042 2004 vita
1068 1932 1268 2029 quaestioni-

418 2048 482 2119 bus
507 2048 576 2119 hoc
600 2072 701 2119 unum
731 2062 847 2136 restat,
875 2062 911 2119 ut
936 2047 1060 2144 quibus
1086 2047 1268 2121 codicibus

419 2163 520 2235 lsotae
537 2185 646 2258 opera
664 2160 764 2234 nobis
790 2160 913 2235 tradita
937 2161 1003 2235 sint
1026 2162 1145 2259 paucis
1157 2188 1267 2260 expo·

418 2301 536 2349 namus
549 2275 683 2349 omissis
701 2278 769 2349 hoc
787 2278 875 2350 loco¹
886 2275 937 2350 eis
955 2301 1035 2374 quae
1052 2275 1133 2351 data
1158 2302 1265 2351 ocea-

418 2392 516 2465 sione
538 2416 639 2490 supra
657 2393 690 2465 in
709 2391 799 2467 notis
816 2391 996 2467 attulimus.

466 2508 569 2581 lsotae
588 2507 687 2606 igitur
706 2523 743 2581 et
755 2508 941 2583 Zeneverae
958 2507 1122 2606 epistolas
1140 2524 1269 2582 mature

418 2622 484 2697 iarn
494 2621 526 2695 in
536 2625 696 2697 volumen
714 2621 873 2697 redactas
889 2623 1133 2720 esseet‘ipsam
1144 2625 1268 2696 lsotarn

416 2737 617 2836 diligentem
643 2738 675 2811 in
702 2737 858 2836 epistolis
883 2737 952 2833 suis
977 2737 1216 2812 describendis
1232 2754 1269 2809 et

417 2853 621 2952 colligendis
634 2879 775 2952 operam
790 2852 947 2952 posuisse
960 2878 1004 2926 ex
1014 2853 1183 2927 nonnullis
1196 2852 1269 2926 eius

416 2968 601 3045 litterarum
631 2969 719 3043 locis
748 2968 963 3066 intellegitur.
1000 2971 1104 3070 Quos
1138 2968 1268 3065 episto

416 3085 522 3158 larum
540 3084 685 3159 codices
701 3100 840 3159 aetatem
860 3108 928 3159 non
947 3084 1064 3159 tulisse
1082 3110 1127 3158 eo
1144 3083 1268 3181 aegrius

417 3199 566 3291 serimus,
581 3200 677 3298 quod
691 3227 759 3274 non
778 3202 889 3274 solunt
903 3201 1090 3274 Zeneverae
1103 3199 1267 3297 epistolas

417 3315 491 3389 lere
515 3342 637 3391 omnes
659 3316 721 3391 sed
740 3317 919 3390 nonnullas
936 3315 1039 3390 etiarn
1067 3317 1168 3389 lsotae
1193 3315 1268 3413 epi-

416 3433 532 3521 stolas,
542 3432 732 3530 praesertim
762 3457 833 3523 eas,
856 3456 942 3531 quas
968 3432 1001 3504 in
1028 3431 1136 3529 prima
1148 3430 1269 3504 adole-

417 3547 549 3621 scentia
565 3548 711 3646 scripsit,
729 3572 772 3621 ea
788 3547 890 3621 clade
908 3546 1051 3645 periisse
1068 3563 1214 3621 constat.
