<?xml version="1.0" encoding="UTF-8"?>
<!DOCTYPE html PUBLIC "-//W3C//DTD XHTML 1.0 Transitional//EN"
    "http://www.w3.org/TR/xhtml1/DTD/xhtml1-transitional.dtd">
<html xmlns="http://www.w3.org/1999/xhtml" xml:lang="en" lang="en">
 <head>
  <title>
</title>
<meta http-equiv="Content-Type" content="text/html;charset=utf-8" />
  <meta name='ocr-system' content='tesseract 3.04.00' />
  <meta name='ocr-capabilities' content='ocr_page ocr_carea ocr_par ocr_line ocrx_word'/>
</head>
<body>
  <div class='ocr_page' id='page_1' title='image "./isotnogarolvero00nogagoog/isotnogarolvero00nogagoog_0240.png"; bbox 0 0 2850 4694; ppageno 0'>
   <div class='ocr_carea' id='block_1_1' title="bbox 729 576 765 650">
    <p class='ocr_par' dir='ltr' id='par_1_1' title="bbox 729 576 765 650">
     <span class='ocr_line' id='line_1_1' title="bbox 729 576 765 650; baseline 0 -19"><span class='ocrx_word' id='word_1_1' title='bbox 729 576 765 650; x_wconf 72' lang='lat'>50</span> 
     </span>
    </p>
   </div>
   <div class='ocr_carea' id='block_1_2' title="bbox 271 740 1168 3377">
    <p class='ocr_par' dir='ltr' id='par_1_2' title="bbox 271 740 1168 3377">
     <span class='ocr_line' id='line_1_2' title="bbox 318 740 1168 840; baseline 0.002 -27"><span class='ocrx_word' id='word_1_2' title='bbox 318 744 410 815; x_wconf 90' lang='lat' dir='ltr'>lenta</span> <span class='ocrx_word' id='word_1_3' title='bbox 427 742 540 813; x_wconf 84' lang='lat' dir='ltr'><strong>solent</strong></span> <span class='ocrx_word' id='word_1_4' title='bbox 559 740 645 812; x_wconf 90' lang='lat' dir='ltr'>inter</span> <span class='ocrx_word' id='word_1_5' title='bbox 664 740 807 813; x_wconf 85' lang='lat' dir='ltr'>viburna</span> <span class='ocrx_word' id='word_1_6' title='bbox 824 741 991 839; x_wconf 83' lang='lat' dir='ltr'>cupressi,</span> <span class='ocrx_word' id='word_1_7' title='bbox 1011 760 1045 814; x_wconf 90' lang='lat' dir='ltr'>ut</span> <span class='ocrx_word' id='word_1_8' title='bbox 1063 760 1168 840; x_wconf 85' lang='lat' dir='ltr'>poeta</span> 
     </span>
     <span class='ocr_line' id='line_1_3' title="bbox 317 855 1168 955; baseline -0.002 -24"><span class='ocrx_word' id='word_1_9' title='bbox 317 873 435 955; x_wconf 91' lang='lat' dir='ltr'>pastor</span> <span class='ocrx_word' id='word_1_10' title='bbox 460 857 517 930; x_wconf 92' lang='lat' dir='ltr'>ait.</span> <span class='ocrx_word' id='word_1_11' title='bbox 545 855 605 929; x_wconf 90' lang='lat' dir='ltr'>Vis</span> <span class='ocrx_word' id='word_1_12' title='bbox 628 856 800 953; x_wconf 88' lang='lat' dir='ltr'>prosapiae</span> <span class='ocrx_word' id='word_1_13' title='bbox 818 861 1002 931; x_wconf 82' lang='lat' dir='ltr'>auctores?</span> <span class='ocrx_word' id='word_1_14' title='bbox 1032 858 1079 929; x_wconf 89' lang='lat' dir='ltr'>Hi</span> <span class='ocrx_word' id='word_1_15' title='bbox 1098 882 1168 932; x_wconf 92' lang='lat' dir='ltr'>am·</span> 
     </span>
     <span class='ocr_line' id='line_1_4' title="bbox 318 971 1168 1070; baseline 0 -25"><span class='ocrx_word' id='word_1_16' title='bbox 318 972 468 1070; x_wconf 90' lang='lat' dir='ltr'>plissima</span> <span class='ocrx_word' id='word_1_17' title='bbox 499 972 530 1044; x_wconf 95' lang='lat' dir='ltr'>in</span> <span class='ocrx_word' id='word_1_18' title='bbox 563 971 702 1044; x_wconf 92' lang='lat' dir='ltr'>civitate</span> <span class='ocrx_word' id='word_1_19' title='bbox 738 973 849 1069; x_wconf 85' lang='lat' dir='ltr'>magni</span> <span class='ocrx_word' id='word_1_20' title='bbox 885 990 920 1046; x_wconf 92' lang='lat' dir='ltr'>et</span> <span class='ocrx_word' id='word_1_21' title='bbox 954 973 987 1045; x_wconf 90' lang='lat' dir='ltr'>in</span> <span class='ocrx_word' id='word_1_22' title='bbox 1022 973 1168 1070; x_wconf 91' lang='lat' dir='ltr'>patricio</span> 
     </span>
     <span class='ocr_line' id='line_1_5' title="bbox 316 1087 1168 1184; baseline -0.001 -23"><span class='ocrx_word' id='word_1_23' title='bbox 316 1088 439 1162; x_wconf 85' lang='lat' dir='ltr'>ordine</span> <span class='ocrx_word' id='word_1_24' title='bbox 476 1087 652 1160; x_wconf 86' lang='lat' dir='ltr'>clarissimi</span> <span class='ocrx_word' id='word_1_25' title='bbox 683 1102 821 1184; x_wconf 89' lang='lat' dir='ltr'>semper</span> <span class='ocrx_word' id='word_1_26' title='bbox 851 1088 955 1160; x_wconf 91' lang='lat' dir='ltr'>habiti</span> <span class='ocrx_word' id='word_1_27' title='bbox 986 1104 1072 1161; x_wconf 93' lang='lat' dir='ltr'>sunt.</span> <span class='ocrx_word' id='word_1_28' title='bbox 1108 1088 1168 1160; x_wconf 91' lang='lat' dir='ltr'>Vis</span> 
     </span>
     <span class='ocr_line' id='line_1_6' title="bbox 290 1202 1167 1302; baseline -0.008 -20"><span class='ocrx_word' id='word_1_29' title='bbox 290 1231 300 1283; x_wconf 83' lang='lat' dir='ltr'>r</span> <span class='ocrx_word' id='word_1_30' title='bbox 317 1208 473 1302; x_wconf 82' lang='lat' dir='ltr'>patrem?</span> <span class='ocrx_word' id='word_1_31' title='bbox 497 1206 527 1276; x_wconf 93' lang='lat' dir='ltr'>ls</span> <span class='ocrx_word' id='word_1_32' title='bbox 545 1227 588 1276; x_wconf 87' lang='lat' dir='ltr'>ea</span> <span class='ocrx_word' id='word_1_33' title='bbox 605 1202 784 1300; x_wconf 85' lang='lat' dir='ltr'>sapientia,</span> <span class='ocrx_word' id='word_1_34' title='bbox 804 1204 1036 1300; x_wconf 83' lang='lat' dir='ltr'>magnitudine</span> <span class='ocrx_word' id='word_1_35' title='bbox 1054 1203 1167 1292; x_wconf 83' lang='lat' dir='ltr'>animi,</span> 
     </span>
     <span class='ocr_line' id='line_1_7' title="bbox 317 1320 1168 1416; baseline -0.002 -22"><span class='ocrx_word' id='word_1_36' title='bbox 317 1321 536 1394; x_wconf 86' lang='lat' dir='ltr'>maximarum</span> <span class='ocrx_word' id='word_1_37' title='bbox 566 1344 676 1391; x_wconf 89' lang='lat' dir='ltr'>rerum</span> <span class='ocrx_word' id='word_1_38' title='bbox 705 1320 905 1392; x_wconf 90' lang='lat' dir='ltr'>urbanarum</span> <span class='ocrx_word' id='word_1_39' title='bbox 932 1338 1036 1416; x_wconf 90' lang='lat' dir='ltr'>atque</span> <span class='ocrx_word' id='word_1_40' title='bbox 1054 1337 1168 1392; x_wconf 89' lang='lat' dir='ltr'>exter-</span> 
     </span>
     <span class='ocr_line' id='line_1_8' title="bbox 317 1434 1168 1533; baseline 0.002 -27"><span class='ocrx_word' id='word_1_41' title='bbox 317 1460 432 1508; x_wconf 89' lang='lat' dir='ltr'>narum</span> <span class='ocrx_word' id='word_1_42' title='bbox 453 1460 513 1508; x_wconf 92' lang='lat' dir='ltr'>usu</span> <span class='ocrx_word' id='word_1_43' title='bbox 532 1434 779 1533; x_wconf 84' lang='lat' dir='ltr'>praeclarisque</span> <span class='ocrx_word' id='word_1_44' title='bbox 797 1435 871 1507; x_wconf 92' lang='lat' dir='ltr'>aliis</span> <span class='ocrx_word' id='word_1_45' title='bbox 896 1434 1074 1508; x_wconf 83' lang='lat' dir='ltr'>virtutibus</span> <span class='ocrx_word' id='word_1_46' title='bbox 1093 1438 1168 1533; x_wconf 94' lang='lat' dir='ltr'>pol·</span> 
     </span>
     <span class='ocr_line' id='line_1_9' title="bbox 315 1548 1167 1647; baseline 0.002 -25"><span class='ocrx_word' id='word_1_47' title='bbox 315 1552 373 1639; x_wconf 86' lang='lat' dir='ltr'>let,</span> <span class='ocrx_word' id='word_1_48' title='bbox 402 1568 437 1623; x_wconf 89' lang='lat' dir='ltr'>ut</span> <span class='ocrx_word' id='word_1_49' title='bbox 464 1575 532 1623; x_wconf 94' lang='lat' dir='ltr'>non</span> <span class='ocrx_word' id='word_1_50' title='bbox 553 1548 658 1622; x_wconf 94' lang='lat' dir='ltr'>modo</span> <span class='ocrx_word' id='word_1_51' title='bbox 684 1574 746 1622; x_wconf 91' lang='lat' dir='ltr'>sua</span> <span class='ocrx_word' id='word_1_52' title='bbox 773 1550 805 1621; x_wconf 93' lang='lat' dir='ltr'>in</span> <span class='ocrx_word' id='word_1_53' title='bbox 834 1551 917 1623; x_wconf 91' lang='lat' dir='ltr'>urbe</span> <span class='ocrx_word' id='word_1_54' title='bbox 939 1550 1167 1647; x_wconf 90' lang='lat' dir='ltr'>principatum</span> 
     </span>
     <span class='ocr_line' id='line_1_10' title="bbox 316 1664 1168 1752; baseline 0.004 -15"><span class='ocrx_word' id='word_1_55' title='bbox 316 1683 446 1740; x_wconf 90' lang='lat' dir='ltr'>mereat</span> <span class='ocrx_word' id='word_1_56' title='bbox 484 1681 520 1739; x_wconf 89' lang='lat' dir='ltr'>et</span> <span class='ocrx_word' id='word_1_57' title='bbox 545 1665 713 1752; x_wconf 88' lang='lat' dir='ltr'>obtineat,</span> <span class='ocrx_word' id='word_1_58' title='bbox 739 1689 857 1738; x_wconf 85' lang='lat' dir='ltr'>verum</span> <span class='ocrx_word' id='word_1_59' title='bbox 883 1664 985 1737; x_wconf 91' lang='lat' dir='ltr'>etiam</span> <span class='ocrx_word' id='word_1_60' title='bbox 1014 1665 1168 1740; x_wconf 92' lang='lat' dir='ltr'>ubicum-</span> 
     </span>
     <span class='ocr_line' id='line_1_11' title="bbox 273 1780 1168 1879; baseline 0 -26"><span class='ocrx_word' id='word_1_61' title='bbox 273 1795 384 1879; x_wconf 86' lang='lat' dir='ltr'>1oque</span> <span class='ocrx_word' id='word_1_62' title='bbox 407 1798 571 1855; x_wconf 91' lang='lat' dir='ltr'>terrarum</span> <span class='ocrx_word' id='word_1_63' title='bbox 596 1780 713 1852; x_wconf 87' lang='lat' dir='ltr'>suisset</span> <span class='ocrx_word' id='word_1_64' title='bbox 742 1780 844 1854; x_wconf 91' lang='lat' dir='ltr'>lacile</span> <span class='ocrx_word' id='word_1_65' title='bbox 862 1780 1025 1877; x_wconf 90' lang='lat' dir='ltr'>princeps</span> <span class='ocrx_word' id='word_1_66' title='bbox 1044 1782 1168 1854; x_wconf 92' lang='lat' dir='ltr'>maior-</span> 
     </span>
     <span class='ocr_line' id='line_1_12' title="bbox 314 1894 1168 1996; baseline 0 -26"><span class='ocrx_word' id='word_1_67' title='bbox 314 1922 383 1995; x_wconf 91' lang='lat' dir='ltr'>que</span> <span class='ocrx_word' id='word_1_68' title='bbox 410 1897 540 1970; x_wconf 92' lang='lat' dir='ltr'>luturus</span> <span class='ocrx_word' id='word_1_69' title='bbox 567 1896 745 1969; x_wconf 84' lang='lat' dir='ltr'>exstiterit.</span> <span class='ocrx_word' id='word_1_70' title='bbox 779 1894 878 1996; x_wconf 86' lang='lat' dir='ltr'>Quid</span> <span class='ocrx_word' id='word_1_71' title='bbox 896 1895 940 1968; x_wconf 93' lang='lat' dir='ltr'>de</span> <span class='ocrx_word' id='word_1_72' title='bbox 959 1913 993 1969; x_wconf 90' lang='lat' dir='ltr'>te</span> <span class='ocrx_word' id='word_1_73' title='bbox 1012 1897 1088 1993; x_wconf 91' lang='lat' dir='ltr'>ipso</span> <span class='ocrx_word' id='word_1_74' title='bbox 1106 1896 1168 1970; x_wconf 75' lang='lat' dir='ltr'>de</span> 
     </span>
     <span class='ocr_line' id='line_1_13' title="bbox 315 2009 1168 2110; baseline 0.001 -26"><span class='ocrx_word' id='word_1_75' title='bbox 315 2013 420 2109; x_wconf 90' lang='lat' dir='ltr'>nique</span> <span class='ocrx_word' id='word_1_76' title='bbox 451 2011 589 2085; x_wconf 82' lang='lat' dir='ltr'>dicam?</span> <span class='ocrx_word' id='word_1_77' title='bbox 616 2013 652 2083; x_wconf 91' lang='lat' dir='ltr'>ln</span> <span class='ocrx_word' id='word_1_78' title='bbox 678 2037 750 2109; x_wconf 90' lang='lat' dir='ltr'>quo</span> <span class='ocrx_word' id='word_1_79' title='bbox 777 2009 917 2110; x_wconf 88' lang='lat' dir='ltr'>quidem</span> <span class='ocrx_word' id='word_1_80' title='bbox 943 2010 1168 2085; x_wconf 89' lang='lat' dir='ltr'>adulescente</span> 
     </span>
     <span class='ocr_line' id='line_1_14' title="bbox 313 2123 1166 2223; baseline 0 -24"><span class='ocrx_word' id='word_1_81' title='bbox 313 2150 356 2201; x_wconf 89' lang='lat' dir='ltr'>ea</span> <span class='ocrx_word' id='word_1_82' title='bbox 372 2143 484 2200; x_wconf 87' lang='lat' dir='ltr'>exstat</span> <span class='ocrx_word' id='word_1_83' title='bbox 503 2125 648 2214; x_wconf 82' lang='lat' dir='ltr'>indoles,</span> <span class='ocrx_word' id='word_1_84' title='bbox 667 2151 711 2199; x_wconf 91' lang='lat' dir='ltr'>ea</span> <span class='ocrx_word' id='word_1_85' title='bbox 728 2125 861 2223; x_wconf 78' lang='lat' dir='ltr'>efligies</span> <span class='ocrx_word' id='word_1_86' title='bbox 878 2123 914 2198; x_wconf 78' lang='lat' dir='ltr'>e&#39;t</span> <span class='ocrx_word' id='word_1_87' title='bbox 928 2143 1024 2199; x_wconf 89' lang='lat' dir='ltr'>certe</span> <span class='ocrx_word' id='word_1_88' title='bbox 1037 2127 1166 2216; x_wconf 87' lang='lat' dir='ltr'>senilis,</span> 
     </span>
     <span class='ocr_line' id='line_1_15' title="bbox 314 2240 1166 2338; baseline 0.001 -24"><span class='ocrx_word' id='word_1_89' title='bbox 314 2259 350 2314; x_wconf 92' lang='lat' dir='ltr'>ut</span> <span class='ocrx_word' id='word_1_90' title='bbox 367 2243 420 2314; x_wconf 90' lang='lat' dir='ltr'>vel</span> <span class='ocrx_word' id='word_1_91' title='bbox 439 2241 562 2316; x_wconf 90' lang='lat' dir='ltr'>tacitus</span> <span class='ocrx_word' id='word_1_92' title='bbox 582 2265 860 2338; x_wconf 91' lang='lat' dir='ltr'>unumquemque</span> <span class='ocrx_word' id='word_1_93' title='bbox 880 2257 969 2314; x_wconf 91' lang='lat' dir='ltr'>tuam</span> <span class='ocrx_word' id='word_1_94' title='bbox 990 2240 1022 2312; x_wconf 91' lang='lat' dir='ltr'>in</span> <span class='ocrx_word' id='word_1_95' title='bbox 1042 2242 1166 2315; x_wconf 93' lang='lat' dir='ltr'>carita·</span> 
     </span>
     <span class='ocr_line' id='line_1_16' title="bbox 271 2355 1164 2439; baseline 0.006 -14"><span class='ocrx_word' id='word_1_96' title='bbox 271 2390 295 2439; x_wconf 76' lang='grc' dir='ltr'>ις</span> <span class='ocrx_word' id='word_1_97' title='bbox 314 2375 381 2431; x_wconf 93' lang='lat' dir='ltr'>tem</span> <span class='ocrx_word' id='word_1_98' title='bbox 420 2374 456 2431; x_wconf 90' lang='lat' dir='ltr'>et</span> <span class='ocrx_word' id='word_1_99' title='bbox 482 2356 739 2431; x_wconf 89' lang='lat' dir='ltr'>venerationem</span> <span class='ocrx_word' id='word_1_100' title='bbox 767 2355 932 2429; x_wconf 89' lang='lat' dir='ltr'>incendas</span> <span class='ocrx_word' id='word_1_101' title='bbox 958 2373 994 2429; x_wconf 90' lang='lat' dir='ltr'>et</span> <span class='ocrx_word' id='word_1_102' title='bbox 1023 2357 1164 2431; x_wconf 91' lang='lat' dir='ltr'>allicias.</span> 
     </span>
     <span class='ocr_line' id='line_1_17' title="bbox 311 2471 1165 2569; baseline 0.005 -27"><span class='ocrx_word' id='word_1_103' title='bbox 311 2474 505 2546; x_wconf 89' lang='lat' dir='ltr'>Verborum</span> <span class='ocrx_word' id='word_1_104' title='bbox 536 2471 699 2563; x_wconf 86' lang='lat' dir='ltr'>dulcedo,</span> <span class='ocrx_word' id='word_1_105' title='bbox 731 2497 863 2545; x_wconf 92' lang='lat' dir='ltr'>morum</span> <span class='ocrx_word' id='word_1_106' title='bbox 893 2472 1052 2569; x_wconf 83' lang='lat' dir='ltr'>gravitas,</span> <span class='ocrx_word' id='word_1_107' title='bbox 1080 2497 1165 2546; x_wconf 93' lang='lat' dir='ltr'>con·</span> 
     </span>
     <span class='ocr_line' id='line_1_18' title="bbox 311 2587 1165 2686; baseline -0.002 -24"><span class='ocrx_word' id='word_1_108' title='bbox 311 2587 500 2662; x_wconf 88' lang='lat' dir='ltr'>suetudinis</span> <span class='ocrx_word' id='word_1_109' title='bbox 527 2589 625 2684; x_wconf 88' lang='lat' dir='ltr'>lepos</span> <span class='ocrx_word' id='word_1_110' title='bbox 648 2613 750 2686; x_wconf 92' lang='lat' dir='ltr'>quem</span> <span class='ocrx_word' id='word_1_111' title='bbox 769 2587 813 2661; x_wconf 94' lang='lat' dir='ltr'>ad</span> <span class='ocrx_word' id='word_1_112' title='bbox 832 2587 878 2660; x_wconf 90' lang='lat' dir='ltr'>tui</span> <span class='ocrx_word' id='word_1_113' title='bbox 899 2588 1165 2683; x_wconf 86' lang='lat' dir='ltr'>contemplatio·</span> 
     </span>
     <span class='ocr_line' id='line_1_19' title="bbox 311 2702 1163 2778; baseline 0 -2"><span class='ocrx_word' id='word_1_114' title='bbox 311 2729 389 2777; x_wconf 89' lang='lat' dir='ltr'>nem</span> <span class='ocrx_word' id='word_1_115' title='bbox 409 2729 476 2776; x_wconf 92' lang='lat' dir='ltr'>non</span> <span class='ocrx_word' id='word_1_116' title='bbox 495 2702 696 2778; x_wconf 81' lang='lat' dir='ltr'>adducunt?</span> <span class='ocrx_word' id='word_1_117' title='bbox 719 2706 793 2777; x_wconf 83' lang='lat' dir='ltr'>llas</span> <span class='ocrx_word' id='word_1_118' title='bbox 811 2703 856 2777; x_wconf 93' lang='lat' dir='ltr'>ad</span> <span class='ocrx_word' id='word_1_119' title='bbox 870 2719 980 2776; x_wconf 88' lang='lat' dir='ltr'>tantas</span> <span class='ocrx_word' id='word_1_120' title='bbox 993 2705 1046 2775; x_wconf 89' lang='lat' dir='ltr'>vel</span> <span class='ocrx_word' id='word_1_121' title='bbox 1061 2703 1163 2776; x_wconf 93' lang='lat' dir='ltr'>animi</span> 
     </span>
     <span class='ocr_line' id='line_1_20' title="bbox 311 2817 1163 2916; baseline 0.005 -27"><span class='ocrx_word' id='word_1_122' title='bbox 311 2820 365 2893; x_wconf 90' lang='lat' dir='ltr'>vel</span> <span class='ocrx_word' id='word_1_123' title='bbox 392 2818 517 2916; x_wconf 87' lang='lat' dir='ltr'>ingenii</span> <span class='ocrx_word' id='word_1_124' title='bbox 545 2817 646 2892; x_wconf 89' lang='lat' dir='ltr'>dotes</span> <span class='ocrx_word' id='word_1_125' title='bbox 672 2818 763 2892; x_wconf 89' lang='lat' dir='ltr'>adde</span> <span class='ocrx_word' id='word_1_126' title='bbox 791 2819 975 2892; x_wconf 87' lang='lat' dir='ltr'>litterarum</span> <span class='ocrx_word' id='word_1_127' title='bbox 997 2842 1163 2905; x_wconf 86' lang='lat' dir='ltr'>amorem,</span> 
     </span>
     <span class='ocr_line' id='line_1_21' title="bbox 313 2932 1164 3030; baseline -0.001 -23"><span class='ocrx_word' id='word_1_128' title='bbox 313 2936 478 3007; x_wconf 88' lang='lat' dir='ltr'>bonarum</span> <span class='ocrx_word' id='word_1_129' title='bbox 505 2933 626 3007; x_wconf 92' lang='lat' dir='ltr'>artium</span> <span class='ocrx_word' id='word_1_130' title='bbox 651 2933 765 3007; x_wconf 89' lang='lat' dir='ltr'>studia</span> <span class='ocrx_word' id='word_1_131' title='bbox 791 2934 1028 3030; x_wconf 84' lang='lat' dir='ltr'>insignemque</span> <span class='ocrx_word' id='word_1_132' title='bbox 1059 2932 1164 3007; x_wconf 88' lang='lat' dir='ltr'>disci·</span> 
     </span>
     <span class='ocr_line' id='line_1_22' title="bbox 312 3048 1162 3148; baseline -0.001 -26"><span class='ocrx_word' id='word_1_133' title='bbox 312 3049 449 3146; x_wconf 89' lang='lat' dir='ltr'>plinam,</span> <span class='ocrx_word' id='word_1_134' title='bbox 485 3074 573 3145; x_wconf 90' lang='lat' dir='ltr'>quos</span> <span class='ocrx_word' id='word_1_135' title='bbox 609 3050 641 3121; x_wconf 93' lang='lat' dir='ltr'>in</span> <span class='ocrx_word' id='word_1_136' title='bbox 676 3050 863 3148; x_wconf 86' lang='lat' dir='ltr'>praesentia</span> <span class='ocrx_word' id='word_1_137' title='bbox 896 3048 1026 3123; x_wconf 83' lang='lat' dir='ltr'>fructus</span> <span class='ocrx_word' id='word_1_138' title='bbox 1060 3050 1162 3146; x_wconf 86' lang='lat' dir='ltr'>puris,</span> 
     </span>
     <span class='ocr_line' id='line_1_23' title="bbox 311 3165 1163 3263; baseline 0 -25"><span class='ocrx_word' id='word_1_139' title='bbox 311 3190 399 3262; x_wconf 91' lang='lat' dir='ltr'>quos</span> <span class='ocrx_word' id='word_1_140' title='bbox 426 3165 457 3236; x_wconf 91' lang='lat' dir='ltr'>in</span> <span class='ocrx_word' id='word_1_141' title='bbox 485 3182 661 3261; x_wconf 92' lang='lat' dir='ltr'>posterum</span> <span class='ocrx_word' id='word_1_142' title='bbox 689 3165 875 3263; x_wconf 73' lang='lat' dir='ltr'>polliceris,</span> <span class='ocrx_word' id='word_1_143' title='bbox 901 3165 945 3238; x_wconf 89' lang='lat' dir='ltr'>ita</span> <span class='ocrx_word' id='word_1_144' title='bbox 965 3181 999 3236; x_wconf 94' lang='lat' dir='ltr'>ut</span> <span class='ocrx_word' id='word_1_145' title='bbox 1018 3167 1163 3262; x_wconf 82' lang='lat' dir='ltr'>praecla-</span> 
     </span>
     <span class='ocr_line' id='line_1_24' title="bbox 311 3279 1161 3377; baseline 0.001 -26"><span class='ocrx_word' id='word_1_146' title='bbox 311 3305 383 3352; x_wconf 94' lang='lat' dir='ltr'>rum</span> <span class='ocrx_word' id='word_1_147' title='bbox 402 3280 522 3353; x_wconf 89' lang='lat' dir='ltr'>nescio</span> <span class='ocrx_word' id='word_1_148' title='bbox 540 3279 624 3376; x_wconf 90' lang='lat' dir='ltr'>quid</span> <span class='ocrx_word' id='word_1_149' title='bbox 641 3305 683 3353; x_wconf 92' lang='lat' dir='ltr'>ac</span> <span class='ocrx_word' id='word_1_150' title='bbox 702 3281 872 3377; x_wconf 88' lang='lat' dir='ltr'>singulare</span> <span class='ocrx_word' id='word_1_151' title='bbox 891 3281 956 3353; x_wconf 90' lang='lat' dir='ltr'>iam</span> <span class='ocrx_word' id='word_1_152' title='bbox 972 3305 1063 3354; x_wconf 88' lang='lat' dir='ltr'>nunc</span> <span class='ocrx_word' id='word_1_153' title='bbox 1078 3281 1161 3352; x_wconf 93' lang='lat' dir='ltr'>inci·</span> 
     </span>
    </p>
   </div>
   <div class='ocr_carea' id='block_1_3' title="bbox 310 3471 1159 3600">
    <p class='ocr_par' dir='ltr' id='par_1_3' title="bbox 310 3471 1159 3600">
     <span class='ocr_line' id='line_1_25' title="bbox 356 3471 1159 3535; baseline 0.001 -16"><span class='ocrx_word' id='word_1_154' title='bbox 356 3471 406 3535; x_wconf 67' lang='grc' dir='ltr'>(ις)</span> <span class='ocrx_word' id='word_1_155' title='bbox 422 3475 481 3522; x_wconf 80' lang='lat' dir='ltr'>Ante</span> <span class='ocrx_word' id='word_1_156' title='bbox 497 3473 594 3534; x_wconf 78' lang='lat' dir='ltr'>effigies</span> <span class='ocrx_word' id='word_1_157' title='bbox 608 3472 665 3532; x_wconf 72' lang='lat' dir='ltr'>fort.</span> <span class='ocrx_word' id='word_1_158' title='bbox 683 3471 768 3523; x_wconf 76' lang='lat' dir='ltr'>excidit</span> <span class='ocrx_word' id='word_1_159' title='bbox 782 3473 889 3521; x_wconf 83' lang='lat' dir='ltr'>virtutis.</span> <span class='ocrx_word' id='word_1_160' title='bbox 923 3472 972 3535; x_wconf 78' lang='grc' dir='ltr'>(ις)</span> <span class='ocrx_word' id='word_1_161' title='bbox 989 3481 1016 3520; x_wconf 88' lang='lat' dir='ltr'>et</span> <span class='ocrx_word' id='word_1_162' title='bbox 1032 3475 1087 3522; x_wconf 81' lang='lat' dir='ltr'>ante</span> <span class='ocrx_word' id='word_1_163' title='bbox 1103 3486 1159 3521; x_wconf 88' lang='lat' dir='ltr'>ven.</span> 
     </span>
     <span class='ocr_line' id='line_1_26' title="bbox 310 3551 525 3600; baseline 0.005 -1"><span class='ocrx_word' id='word_1_164' title='bbox 310 3551 367 3599; x_wconf 80' lang='lat' dir='ltr'>odd.</span> <span class='ocrx_word' id='word_1_165' title='bbox 388 3552 525 3600; x_wconf 75' lang='lat' dir='ltr'>Saddudint&#39;.</span> 
     </span>
    </p>
   </div>
   <div class='ocr_carea' id='block_1_4' title="bbox 0 0 1430 4694">
    <p class='ocr_par' dir='ltr' id='par_1_4' title="bbox 0 0 1430 4694">
     <span class='ocr_line' id='line_1_27' title="bbox 0 0 1430 4694; baseline 0 1"><span class='ocrx_word' id='word_1_166' title='bbox 0 0 1430 4694; x_wconf 95' lang='lat' dir='ltr'> </span> 
     </span>
    </p>
   </div>
  </div>
 </body>
</html>
