2850 4694
716 622 769 684 140

315 804 392 852 cum
407 779 632 853 honorificam
651 780 745 853 dete
764 780 972 854 mentionem
987 783 1168 874 haberem,

315 912 435 992 rogant
453 896 604 969 nonnulli
630 898 683 968 vel
701 921 822 970 omnes
840 896 964 994 potius,
985 914 1020 970 ut
1036 899 1170 995 aliquid

313 1011 358 1085 ad
384 1030 419 1084 te
449 1035 599 1084 mearum
630 1010 758 1085 darem.
796 1014 837 1084 Et
867 1012 947 1085 dum
979 1038 1046 1085 non
1073 1013 1169 1088 adeo

314 1126 410 1224 quod
426 1127 555 1223 aliquid
573 1126 653 1199 mihi
672 1127 795 1201 adesse
816 1128 1000 1201 crederent
1016 1154 1120 1226 quam
1140 1131 1168 1204 si

288 1270 297 1323 ς
313 1242 433 1316 litteris
450 1261 484 1316 te
503 1243 587 1316 meis
604 1242 648 1316 ad
666 1243 886 1317 scribendum
904 1263 1169 1319 commoverent

313 1359 539 1447 contendunt,
570 1359 768 1456 Ciclopem‚
797 1376 832 1433 ut
848 1359 952 1449 aiunt,
979 1360 1023 1435 ad
1040 1364 1168 1435 saltan-

313 1475 392 1548 dum
436 1493 493 1548 aut
535 1474 740 1548 testudinem
775 1475 819 1548 ad
854 1500 989 1549 cursum
1025 1495 1164 1551 vocant.

314 1590 424 1691 Quod
459 1615 536 1663 cum
573 1591 738 1664 lecturum
769 1591 895 1688 saepius
925 1591 1166 1690 denegassem,

312 1705 393 1802 quia
435 1705 543 1803 impar
576 1729 658 1778 sane
691 1705 736 1779 ad
771 1723 946 1780 certamen
993 1707 1166 1782 eiusmodi

270 1848 300 1885 ιο
312 1819 583 1910 descendissem,
609 1820 741 1894 illorum
761 1845 884 1918 preces
902 1823 956 1894 vel
974 1821 1167 1897 dissimula·

312 1938 390 2010 bam
409 1938 462 2009 vel
489 1936 716 2033 promissione
741 1936 842 2009 animi
870 1937 1039 2011 fallebam.
1071 1940 1166 2012 Cum

312 2052 449 2126 tandem
477 2051 743 2149 quamplusculis
769 2051 892 2125 diebus
915 2053 1036 2126 lrustra
1061 2078 1082 2126 a
1108 2080 1166 2129 me

311 2166 338 2239 si
358 2166 394 2238 iri
413 2166 540 2256 vident,
559 2165 706 2239 amicum
724 2165 921 2255 admovent,
939 2167 994 2240 cui
1014 2193 1068 2240 me
1087 2193 1167 2241 om-

313 2281 368 2355 nia
385 2298 421 2354 et
439 2281 606 2378 pudorem
629 2281 731 2355 etiam
758 2281 890 2355 debere
917 2282 1163 2380 intelligebant.

270 2424 295 2476 ts
312 2398 343 2469 ls
359 2414 485 2484 autem,
504 2397 562 2493 qui
581 2413 708 2469 tantum
727 2397 835 2470 amori
854 2414 972 2470 nostro
986 2397 1166 2491 tribueret,

313 2530 348 2584 ut
367 2512 467 2585 lacile
487 2511 520 2583 id
539 2512 618 2584 milri
636 2536 714 2585 esse
732 2512 902 2600 crederet,
922 2513 1041 2585 amicis
1059 2516 1166 2587 obse-

311 2626 470 2723 quidum
501 2629 660 2723 postulat,
687 2643 817 2723 quanto
847 2627 1018 2701 cervicem
1050 2654 1163 2703 meam

312 2767 419 2816 onere
444 2759 599 2839 gravaret
617 2767 689 2839 prae
716 2743 928 2817 multitudine
949 2743 1075 2817 amoris
1093 2770 1164 2818 non

359 3111 393 3175 (3)
412 3125 470 3160 cum
491 3112 517 3158 V.
560 3110 594 3173 (4)
614 3109 717 3172 quidem
732 3113 763 3159 el.
782 3111 808 3157 V.
859 3110 980 3159 michiC.
1015 3109 1110 3159 deesse
1131 3112 1160 3159 V.

312 3189 346 3253 (6)
364 3191 496 3252 Cicoplem
515 3191 547 3239 G.
582 3189 615 3252 (7)
633 3189 805 3238 testitudinem
822 3203 867 3237 om.
882 3190 919 3238 M.
954 3187 988 3252 (8)
1006 3189 1117 3237 futurum
1130 3190 1161 3239 C.

312 3270 345 3332 (9)
375 3284 456 3330 quare
490 3272 516 3316 V.
568 3269 710 3318 huiusmodi
739 3271 771 3317 G.
829 3268 878 3331 (ro)
906 3268 1100 3316 descendissem
1133 3271 1162 3317 V.

312 3362 402 3397 eorum
419 3349 449 3397 C.
489 3347 539 3411 (ιι)
558 3349 665 3397 animum
683 3350 744 3396 MV.
779 3346 914 3410 (12)quasi
933 3350 966 3408 pl.
990 3348 1017 3394 V.
1052 3348 1163 3410 (mlad-

312 3438 415 3476 monent
426 3430 463 3476 M.
498 3429 548 3490 (14)
561 3429 656 3476 habere
670 3429 702 3476 G.
737 3428 893 3491 intelligebat
906 3428 932 3476 V.
963 3426 1112 3490 (tsltuntem
1122 3429 1160 3477 Μ.

312 3507 361 3570 (16)
386 3508 468 3556 facille
497 3509 523 3554 V.
566 3507 640 3555 michi
665 3507 695 3555 G
735 3506 793 3554 milri
811 3506 836 3555 id
855 3507 918 3555 GM.
953 3505 1001 3566 (1⁶.
1022 3506 1060 3568 17)
1085 3507 1163 3556 obse-

312 3587 398 3649 quium
415 3597 482 3648 post.
501 3588 538 3635 M.
572 3585 621 3649 (18)
640 3587 736 3635 honere
757 3586 784 3632 V.
