2926 5168
693 1113 725 1183 tt

283 1291 336 1348 est
361 1273 570 1371 eloquentia,
598 1291 634 1346 ut
660 1299 782 1347 omnes
804 1299 882 1347 eum
902 1300 1003 1346 unum
1022 1270 1138 1348 Vene-

283 1407 353 1462 tum
380 1388 693 1486 praestantissimum
716 1388 835 1465 dicere
853 1389 973 1464 ausint.
1003 1389 1136 1463 Etenim

282 1504 410 1577 certior
436 1504 528 1577 lacta
545 1530 618 1577 sum
638 1520 672 1576 te
689 1503 874 1577 litterarum
893 1503 1012 1579 studiis
1030 1506 1138 1578 Fran·

282 1620 379 1693 cisco
417 1621 570 1693 Barbaro
601 1619 769 1693 suadente
798 1636 836 1691 et
865 1618 956 1693 duce
982 1618 1135 1692 deditum

282 1759 370 1823 esse,
389 1734 486 1831 quod
505 1734 665 1832 prolecto
684 1734 743 1807 tibi
763 1734 1040 1809 iocundissimum
1058 1759 1136 1822 esse
1170 1757 1179 1811 t

282 1850 400 1939 debet,
436 1869 470 1923 te
496 1850 631 1924 scilicet
657 1852 758 1924 talem
785 1850 974 1924 studiorum
1002 1867 1136 1924 tuorum

283 1969 540 2040 cohortatorem
584 1967 722 2040 habere.
767 1969 939 2039 Summam
975 1965 1136 2063 prolecto

282 2082 417 2156 laudem
436 2082 642 2179 assequeris,
656 2081 684 2155 si
698 2082 958 2178 probatissimos
972 2082 1061 2155 viros
1075 2081 1137 2155 de

282 2198 416 2294 legeris,
431 2222 576 2295 quorum
591 2197 747 2270 virtutem
762 2197 881 2270 imitari
897 2197 1017 2296 possis.
1034 2199 1136 2297 Quo-

283 2314 383 2402 niam,
411 2330 447 2385 ut
473 2313 582 2409 inquit
603 2312 746 2401 Cicer0,
766 2313 846 2385 nihil
864 2329 916 2386 est
933 2312 1036 2401 enim,
1055 2312 1135 2385 mihi
1153 2333 1182 2369 10

282 2429 399 2516 crede,
443 2429 565 2501 virtute
600 2427 794 2516 formosius,
833 2427 913 2499 nihil
948 2427 1133 2502 amabilius.

284 2546 510 2643 Quapropter
544 2545 633 2616 hanc
659 2542 797 2615 summis
822 2545 1034 2640 amplectere
1060 2542 1136 2614 viri-

283 2659 591 2754 bus„quamquam
620 2657 679 2730 tibi
711 2657 905 2731 hortatione
931 2657 1068 2730 minime
1094 2657 1136 2731 sit

283 2798 381 2869 opus.
402 2772 513 2873 Quod
530 2773 558 2846 si
577 2773 695 2862 facies,
717 2792 751 2844 ut
767 2797 949 2870 generosae
963 2788 1032 2847 tuae
1051 2772 1136 2847 ado·

284 2888 460 2962 lescentiae
479 2886 665 2985 primordia
683 2888 838 2985 polliceri
856 2886 1023 2977 videntur,
1153 2907 1178 2960 ¹5

330 3191 364 3253 (1)
382 3193 468 3251 eloqu.
490 3197 528 3237 est
544 3191 570 3237 P.
612 3189 645 3252 (2)
662 3190 716 3238 ausi
733 3197 790 3238 sunt
806 3189 870 3249 GM,
889 3189 943 3237 ausi
961 3191 987 3238 P.
1022 3188 1056 3252 (3)
1072 3188 1136 3238 lacta

282 3273 368 3321 omP.
401 3270 468 3319 stud.
480 3271 525 3317 litt.
540 3271 574 3317 Η.
609 3270 643 3331 (4)
658 3278 684 3317 et
701 3277 728 3318 te
742 3269 810 3318 duce
827 3269 855 3317 F.
895 3268 1022 3318 creditum
1039 3270 1072 3327 G,
1091 3269 1136 3317 de·

283 3360 335 3400 tum
347 3353 374 3399 V.
409 3348 531 3413 (siquod
549 3349 797 3410 patinaesseom.
815 3349 848 3397 G.
883 3349 950 3412 (5.6)
962 3362 1021 3397 esse
1033 3347 1134 3409 quod-

283 3434 358 3479 talem
374 3444 420 3478 om.
438 3431 465 3476 V.
500 3427 534 3491 (ὁ)
550 3437 576 3476 te
592 3430 675 3476 omP.
710 3427 817 3488 scilicet]
833 3427 857 3475 in
873 3428 906 3477 G.
941 3426 974 3490 (7)
984 3428 1086 3476 Sumam
1106 3427 1134 3475 V.

283 3508 506 3573 (uoldiligerisP.
541 3505 575 3570 (9)
584 3508 681 3570 ymimri
691 3508 721 3558 C.
756 3507 789 3570 (9.
801 3506 839 3568 ro)
851 3507 938 3569 Quum
953 3508 1005 3556 PV.
1024 3506 1136 3569 (ultor-

283 3590 387 3650 mosius}
405 3587 525 3637 famosius
542 3587 574 3634 nil
591 3587 723 3649 pulchrius
740 3587 864 3649 (pulcrius
876 3585 913 3640 Η)
932 3586 985 3634 ΗΡ.
1029 3586 1061 3634 nil
1080 3587 1134 3635 ΗΡ.

282 3671 386 3719 amulius
409 3670 436 3716 V.
471 3665 521 3730 (12)
539 3667 704 3728 complecere
721 3669 755 3716 Η.
791 3666 841 3730 (13)
864 3667 1007 3716 hortatione
1024 3668 1134 3729 (cohort.

284 3749 320 3812 Η)
344 3748 376 3796 ad
400 3748 528 3796 maximam
556 3748 674 3795 virtutem
697 3745 861 3795 obtinendam
879 3744 1013 3808 leptim&
1035 3746 1136 3793 minime

284 3830 337 3878 ΗΡ.
388 3827 435 3889 (13.
456 3830 493 3891 14)
519 3830 651 3878 hortatore
675 3840 708 3874 m.
735 3839 801 3888 opus
826 3839 885 3874 esse
910 3826 1046 3888 intelligam
1069 3825 1133 3874 GM.

283 3922 351 3972 opus
366 3910 398 3957 sit
415 3909 493 3958 HPV.
534 3908 584 3973 (η)
601 3907 662 3969 quia
683 3907 704 3955 si
727 3908 761 3955 Η.
802 3905 889 3967 facies]
916 3906 977 3955 lacis
1007 3904 1085 3954 facies
1100 3905 1133 3954 G.

284 3989 307 4035 in
330 3989 364 4036 H.
399 4000 526 4050 generosa
548 3990 582 4036 H.
625 3986 672 4049 (14.
702 3985 739 4047 ις)
764 3985 925 4034 adolesentie
948 3986 979 4034 C.
1020 3984 1061 4033 ad.
1083 3994 1135 4033 tuae
1165 3996 1169 4005 ·

284 4080 322 4127 pr.
343 4068 419 4115 HPV.
453 4065 502 4129 (ις)
519 4066 653 4115 videantur
670 4065 724 4115 CV.
