2850 4694
717 590 771 651 ¹94

314 745 437 820 nostris
451 761 519 819 tam
537 747 661 818 lautam
679 741 952 841 suppellectilem
972 741 1004 813 in
1023 740 1169 814 muliere

314 860 525 960 potissimum
568 884 715 959 unquam
751 858 862 932 inesse
894 856 1166 931 considerarem.

315 975 425 1077 Quod
443 975 471 1051 si
489 974 600 1074 primo
626 975 695 1048 ullo
721 972 827 1048 modo
853 971 933 1046 mihi
959 972 1111 1046 venisset
1134 971 1166 1045 in

315 1107 475 1181 mentem,
493 1107 551 1165 aut
568 1089 707 1164 etiamsi
718 1086 859 1186 quando
876 1103 1059 1186 antequam
1072 1111 1166 1161 meas

287 1207 358 1290 sad
378 1223 412 1281 te
431 1207 558 1281 litteras
575 1205 691 1281 darem
711 1204 964 1294 intellexissem,
975 1227 1077 1303 quam
1087 1227 1165 1302 gra·

204 1395 209 1402 .
313 1322 484 1398 vissimum
495 1338 609 1396 tecum
623 1319 772 1395 subirem
784 1318 815 1392 in
826 1318 978 1394 dicendo
989 1318 1163 1409 iudicium,

314 1438 454 1514 forsitan
484 1438 726 1535 aliquantulum
757 1435 1041 1534 compressissem
1073 1437 1164 1509 hunc

314 1555 380 1629 mei
400 1553 537 1628 nimium
554 1552 599 1627 ad
614 1569 648 1627 te
657 1551 831 1627 scribendi
841 1550 1000 1626 ardorem
1011 1551 1164 1648 mihique

314 1666 910 1768 praecavissem‚neteruditatismeae
919 1666 1163 1765 spectatricem

270 1812 301 1852 ιο
313 1809 390 1860 esse
403 1785 560 1859 sinerem.
574 1786 701 1857 Verum
716 1800 829 1858 tamen
843 1783 1005 1881 quoniam
1023 1780 1163 1856 decrevi

314 1918 427 1975 tecum
439 1899 555 1996 quoad
565 1899 661 1998 potui
672 1898 825 1973 excitare
839 1922 948 1972 meam
964 1900 1053 1972 hanc
1068 1898 1164 1995 inge·

314 2015 358 2089 nii
389 2014 582 2090 tarditatem
615 2031 652 2089 et
678 2015 841 2113 quoniam
868 2013 994 2088 institui
1022 2030 1056 2088 te
1087 2013 1163 2088 lore

313 2131 522 2230 potissimam
532 2156 669 2207 causam
679 2155 748 2230 qua
758 2130 872 2230 pingui
887 2131 989 2204 etiam
1006 2130 1165 2205 Minerva

309 2246 357 2321 ad
382 2247 529 2346 aliquam
556 2247 588 2321 in
627 2246 779 2322 dicendo
804 2246 1000 2322 suflerendo
1030 2246 1164 2321 medio·

270 2387 296 2439 tt
312 2363 469 2437 critatem
479 2362 674 2454 evaderem,
686 2363 717 2436 in
733 2365 803 2437 hoc
821 2388 900 2438 meo
919 2362 1163 2462 probatissimo

254 2473 260 2483 ’
312 2478 488 2554 desiderio
497 2479 600 2554 liceat
613 2479 693 2553 mihi
712 2478 885 2553 incurrere
899 2481 953 2554 vel
972 2479 1164 2555 insolentiae

312 2598 366 2670 vel
391 2596 476 2670 alius
501 2595 683 2670 cuiuslibet
705 2595 890 2695 gravissimi
921 2594 1070 2670 criminis
1107 2620 1163 2669 su·

311 2710 502 2809 spicionem
517 2711 662 2808 illosque
676 2711 816 2810 pudeat,
834 2711 892 2810 qui
911 2710 1043 2808 ignavia
1059 2711 1163 2785 animi

311 2851 355 2901 ac
380 2826 624 2925 desperatione
645 2827 913 2925 supersederunt
937 2827 988 2901 his
1017 2826 1163 2926 aliisque

358 3068 393 3131 (r)
402 3067 495 3118 nostris
503 3081 548 3117 ont
562 3069 589 3117 V.
609 3071 675 3118 lauta
686 3068 716 3119 C.
734 3070 825 3131 supell.
840 3069 867 3117 V.
886 3067 920 3132 (ι)
933 3083 1059 3131 nunquam
1071 3069 1161 3128 CGM,

311 3162 357 3197 om.
370 3149 398 3197 V.
432 3147 568 3198 considera
584 3148 614 3209 C,
633 3147 826 3198 considerabam
844 3149 908 3199 GM.
942 3148 976 3211 (ς)
993 3150 1052 3198 mihi
1067 3163 1114 3199 om.
1132 3152 1160 3199 V.

312 3229 440 3278 evenisset
464 3228 521 3279 CG.
569 3228 604 3291 (7)
631 3228 701 3278 forse
728 3229 761 3288 G,
790 3228 857 3279 tome
885 3230 922 3279 Μ.
966 3229 1104 3292 aliquando
1132 3233 1161 3278 V.

311 3309 507 3371 compresissem
535 3309 596 3368 CM,
631 3308 845 3372 comprensissem
873 3310 931 3359 GV.
976 3308 1009 3371 (8)
1038 3310 1096 3358 mihi
1130 3311 1161 3361 0

312 3387 361 3450 (η)
387 3389 535 3447 ἰηηοτναα
555 3389 657 3438 minetia
677 3391 704 3437 V.
746 3388 975 3451 (14ladletCM.
1010 3390 1160 3452 luteum..

311 3467 387 3530 igitur
401 3468 424 3516 in
443 3469 476 3517 G.
510 3467 560 3530 (17)
576 3469 683 3518 alicuius
699 3468 730 3526 C,
746 3468 851 3519 alterius
868 3469 931 3520 GM.
966 3467 1015 3531 (¹9)
1033 3469 1079 3518 hiis
1102 3470 1160 3522 CG.

313 3546 403 3608 nisque
419 3547 474 3596 aliis
495 3548 522 3596 V.
