2850 4694
715 573 769 632 ¹04

311 729 456 803 hominis
469 732 686 828 sepulturam.
712 731 886 803 Catonem
901 753 1084 827 numquam
1100 728 1162 803 nisi

311 845 448 919 invitum
467 845 587 918 librum
606 844 651 918 de
669 845 822 918 manibus
840 845 996 943 posuisse
1013 861 1160 919 constat

312 963 402 1035 Nam
429 962 512 1059 quid
538 961 657 1035 litteris
688 961 768 1060 ipsis
794 961 990 1059 praeclarius
1011 961 1163 1036 invenire

312 1093 496 1174 potuerunt
529 1076 676 1151 maiores
710 1075 839 1150 nostri?
867 1076 1025 1174 Legimus
1058 1077 1162 1166 enirn,

285 1191 446 1289 aquantis
488 1192 675 1265 honoribus
717 1191 821 1264 virtus
855 1190 928 1288 ipsa
965 1190 1161 1265 decoretur.

313 1309 441 1381 Nonne
468 1307 633 1396 homines,
652 1307 775 1404 quibus
804 1306 988 1380 litterarum
1019 1307 1164 1382 facultas

312 1421 430 1509 inerat,
440 1439 611 1519 tamquam
622 1420 954 1495 divinoselfloruisse
967 1421 1163 1497 cernimus?

313 1538 486 1610 Reversus
513 1562 557 1610 ex
583 1536 697 1610 Sicilia
724 1537 825 1609 Plato
850 1560 929 1609 curn
947 1536 991 1611 ad
1009 1537 1164 1634 magnili-

311 1652 540 1725 centissimam
559 1652 648 1725 illam
669 1650 899 1748 Olimpiorum
925 1650 1162 1726 celebritatem

270 1767 408 1864 roquasi
435 1766 618 1863 quemdam
645 1765 738 1838 orbis
765 1781 927 1839 terrarum
954 1785 1162 1841 conventum

311 1882 533 1980 pervenisset,
548 1899 616 1955 tam
635 1881 721 1955 laetis
739 1897 942 1954 cunctorum
960 1882 1164 1957 occursibus

310 2014 479 2094 exceptus
505 2013 568 2085 est,
597 2013 633 2069 ut
658 2021 679 2069 e
705 1998 795 2070 caelo
821 1995 907 2070 deus
932 1996 976 2071 ad
1002 1999 1165 2071 mortales

311 2112 478 2187 demissus
491 2111 674 2185 videretur.
694 2113 856 2185 Socrates
874 2110 958 2185 dato
974 2112 1006 2185 ei
1024 2112 1165 2210 publice

310 2252 446 2301 veneno
476 2227 509 2299 in
538 2250 681 2301 carcere
715 2226 833 2325 periit;
878 2244 1051 2300 transeunt
1084 2245 1166 2324 post

270 2361 379 2425 15tam
406 2344 552 2417 immane
578 2344 708 2416 lacinus
734 2342 808 2417 dies
842 2369 910 2418 non
945 2343 1049 2431 multi,
1084 2368 1164 2416 cum

311 2458 476 2532 scinditur
509 2459 674 2532 incertum
700 2458 812 2532 studia
843 2459 874 2531 in
897 2457 1067 2532 contraria
1092 2460 1167 2531 vul-

311 2599 385 2672 gus,
403 2598 553 2671 seroque
582 2575 633 2647 sui
659 2574 790 2648 consilii
810 2574 985 2671 poenitens
1002 2573 1166 2647 interlec-

313 2706 382 2763 tum
401 2691 495 2787 luget
524 2691 703 2764 Socratem
733 2689 914 2762 sanctitate
940 2705 1045 2785 atque
1070 2690 1165 2762 omni

359 2893 394 2957 (ι)
412 2894 479 2942 hom.
498 2906 557 2941 esse
574 2906 630 2955 sep.
645 2892 787 2941 Cathonem
800 2893 833 2940 G.
867 2891 902 2955 (ι)
918 2892 1036 2941 invictum
1052 2891 1087 2940 de
1098 2905 1164 2940 man.

312 2974 429 3036 potuisse
453 2981 534 3022 conat.
560 2973 590 3021 G
625 2972 659 3021 de
684 2985 748 3020 nun.
773 2971 865 3020 librum
888 2973 916 3019 Ε.
950 2971 984 3034 (ι)
1006 2972 1110 3019 inveniri
1128 2972 1163 3020 G.

312 3053 347 3116 (4)
363 3053 443 3102 nostri
459 3065 506 3100 um.
532 3053 565 3100 G.
609 3051 644 3114 (7)
667 3051 757 3100 divinis
774 3052 808 3100 G.
841 3049 876 3114 (8)
891 3052 992 3100 Rursus
1008 3052 1041 3099 G.
1076 3051 1167 3100 Cicilia

314 3133 374 3182 CM.
409 3132 441 3194 (8.
460 3132 484 3195 9)
500 3117 706 3194 magnificentiam
729 3132 785 3180 CG·
820 3130 854 3194 (9)
872 3130 1032 3193 Olimporum
1055 3131 1085 3180 <2
1119 3131 1163 3180 Ol.

313 3212 432 3263 ludorum
454 3212 552 3261 celebr.
579 3213 607 3261 Ε
649 3210 700 3273 (ιο)
724 3210 855 3272 quoddam
878 3210 907 3259 C
947 3211 998 3273 (ιι)
1014 3224 1119 3260 auorum
1133 3213 1163 3259 a:

313 3306 400 3343 ocurs.
424 3296 449 3342 V.
490 3292 540 3356 (ιι)
563 3294 632 3341 coelo
654 3294 682 3352 Ε,
709 3295 768 3341 celo
791 3290 840 3340 rell
882 3290 932 3354 (ιι)
956 3291 1074 3340 dimissus
1099 3292 1163 3340 GM.

314 3374 405 3436 pubbl.
423 3376 451 3423 Ε
485 3372 659 3436 (14)incarc.
679 3385 780 3421 veneno
797 3372 827 3420 C
861 3369 911 3434 (ις)
929 3371 1061 3432 uonlvero
1078 3369 1107 3433 (l)
1124 3372 1163 3420 Μ.

315 3466 372 3503 cum
395 3467 441 3502 om.
466 3455 495 3513 Ε,
521 3466 570 3502 con
592 3455 618 3501 V.
661 3451 712 3515 (ιό)
738 3452 845 3502 sciditur
862 3452 891 3500 C
935 3450 985 3514 (17)
1004 3452 1108 3514 penitus
1132 3451 1163 3501 C

315 3531 364 3596 (18)
381 3533 492 3582 omniurn
509 3534 537 3589 E,
555 3532 636 3581 omnia
657 3533 684 3579 V.
