2850 4694
728 600 765 644 20

319 756 512 852 abnegabo.
547 756 636 827 Nam
657 754 817 851 quotiens
846 754 1011 851 epistolas
1039 770 1169 827 vestras

318 888 354 943 et
371 871 578 943 luculentum
597 868 736 943 dicendi
749 893 858 966 genus
876 869 1056 967 copiosum
1084 893 1169 966 qua-

317 985 366 1058 vis
383 985 530 1082 eleganti
550 984 720 1074 facundia,
734 983 915 1074 sincerum‚
926 985 1167 1082 perurbanum‚

318 1102 479 1200 pudicum
510 1100 660 1198 inprimis
686 1102 913 1199 contemplor,
949 1101 1074 1174 totiens
1100 1101 1167 1173 mei

291 1218 421 1317 sipsius
458 1216 664 1290 stomachari
692 1217 885 1312 compellor
909 1232 945 1288 et
975 1215 1168 1313 praeterito-

317 1359 388 1407 rum
409 1350 600 1429 temporum
628 1330 823 1404 multotiens
849 1329 1050 1404 recordatus
1073 1331 1168 1428 igna-

316 1447 403 1521 viam
431 1472 540 1521 meam
567 1444 750 1543 deplorare
776 1447 885 1531 soleo,
912 1463 948 1519 et
973 1470 1016 1519 ea
1041 1444 1167 1543 ingenii

316 1562 474 1637 tarditate
500 1562 623 1636 vixisse
653 1561 748 1659 piget
777 1561 954 1658 taedetque
979 1560 1165 1658 vigiliarum

316 1703 465 1752 mearum
496 1676 598 1767 adeo,
626 1694 662 1750 ut
687 1677 745 1774 qui
771 1700 826 1749 me
852 1676 1009 1750 oratione
1038 1675 1167 1750 diserta

273 1829 302 1865 ιο
314 1792 395 1867 satis
412 1793 536 1866 llorere
559 1808 767 1890 putaveram,
786 1816 877 1864 nunc
907 1817 968 1865 ore
994 1816 1166 1889 oppresso

316 1907 513 1981 melioribus
539 1907 656 1981 studiis
682 1907 837 1980 cervices
864 1907 1069 2004 praebendas
1086 1932 1166 1981 esse

315 2023 537 2121 conspiciam.
569 2025 695 2097 Verum
715 2022 796 2095 illud
814 2039 867 2096 est
884 2048 955 2121 quo
973 2048 1041 2121 ego
1058 2025 1165 2096 vehe-

315 2139 522 2213 mentissime
552 2142 661 2228 laetor,
692 2164 735 2212 ea
764 2156 969 2236 tempestate
1000 2140 1032 2212 in
1062 2139 1164 2213 vitam

296 2281 370 2339 ¹me
388 2273 560 2352 tamquam
588 2255 620 2327 in
646 2255 732 2328 viam
760 2254 946 2354 ingressum
968 2255 1164 2353 priusquam

272 2409 297 2460 ις
315 2372 513 2445 conlectum
540 2371 603 2444 iter
620 2371 663 2445 sit
680 2371 713 2443 in
732 2373 821 2445 hanc
847 2388 1038 2468 temporum
1065 2372 1166 2446 clari-

315 2504 419 2560 tatem
439 2486 610 2577 incidisse,
621 2487 743 2584 quibus
761 2485 1031 2560 doctissimorum
1047 2489 1166 2561 mulie-

315 2628 386 2674 rum
402 2620 437 2674 et
450 2602 596 2698 ipsarum
613 2605 788 2676 Musarum
808 2602 1004 2676 memoriam
1020 2602 1052 2675 in
1066 2604 1165 2678 vobis

314 2717 469 2790 renovari
479 2718 912 2792 concernam.Tantainest
921 2718 1165 2792 litterisvestris

313 2833 452 2910 dicendi
479 2850 649 2924 venustas,
677 2850 744 2907 tam
764 2834 876 2932 gravis
909 2850 1059 2924 ornatus,
1094 2851 1163 2907 tam

270 2953 465 3049 aoelegans,
493 2965 560 3023 tam
588 2949 750 3046 prudens,
769 2949 801 3022 in
820 2975 892 3048 quo
916 2975 978 3025 vos
1003 2950 1162 3048 singulari

361 3242 369 3304 (
374 3241 395 3303 1)
405 3242 465 3291 obn.
475 3243 512 3292 Μ.
532 3243 564 3305 (2.
581 3241 602 3304 3)
616 3244 799 3305 quamvlsCM.
826 3245 1001 3307 (slstomacari
1011 3245 1040 3295 C.
1076 3245 1109 3307 (9)
1119 3248 1163 3307 qui

312 3336 370 3371 mea
386 3336 424 3371 or.
443 3321 547 3372 deserta
564 3324 597 3373 G.
632 3322 682 3386 (rr)
700 3324 854 3386 premendas
870 3325 937 3374 codd.
979 3325 1029 3387 (η)
1045 3334 1084 3376 est
1101 3328 1161 3376 illud

314 3400 375 3459 CM,
392 3402 471 3451 estid
489 3403 522 3452 G.
563 3400 612 3465 (η)
637 3404 751 3454 invitam
773 3419 818 3454 om.
842 3406 868 3453 V.
913 3404 1161 3469 (14)inviaCGM.

314 3493 354 3528 me
377 3481 483 3543 ingress.
511 3482 544 3531 G.
586 3481 636 3546 (ις)
657 3483 755 3534 intersit
776 3484 830 3533 CV.
873 3482 920 3546 (ις.
939 3483 977 3546 16)
1002 3486 1115 3535 claritate
1134 3488 1161 3535 V.

313 3559 365 3624 (ιο)
379 3561 468 3624 singuli
486 3561 516 3610 C
