2850 4694
660 549 738 593 xxix

318 700 1120 776 RursusetianranonnullisRomanaeEcclesiae

267 817 508 892 Cardinulibus
521 842 659 891 sorores
677 815 757 890 illud
775 816 953 893 admoneri
966 815 1121 891 videmus

268 949 304 1006 ut
320 932 366 1007 ad
382 958 421 1007 se
439 933 567 1008 litteras
585 931 680 1020 dent,
691 933 781 1005 nulla
793 932 859 1005 alia
868 950 953 1030 puto
962 932 1008 1006 de
1017 958 1122 1007 causa

267 1047 330 1122 nisi
349 1047 444 1146 quod
478 1049 581 1122 etiam
617 1049 648 1121 in
680 1045 853 1121 laudando
883 1049 1027 1122 varietas
1057 1074 1120 1122 eos

268 1162 468 1238 delectabat
493 1180 529 1237 et
554 1163 609 1236 vix
635 1180 737 1237 antea
763 1180 800 1236 ut
816 1188 837 1236 a
855 1161 968 1237 doctis
987 1164 1119 1237 seminis

267 1279 485 1354 laudarentur
497 1280 547 1353 eis
560 1279 714 1376 contigit.
730 1280 918 1353 Zeneverae
931 1279 1054 1354 litterae
1073 1321 1118 1334 -

265 1395 294 1468 si
321 1421 400 1493 quae
419 1395 617 1468 luerunt-
634 1410 773 1468 aemtem
792 1419 860 1467 non
879 1396 1037 1485 tulerunt,
1056 1397 1119 1468 sub

267 1512 368 1584 lsotae
387 1510 524 1584 nomine
541 1510 621 1584 duae
638 1509 796 1607 epistolae
810 1509 1040 1600 innotuerunt,
1055 1536 1120 1584 una

266 1623 1120 1723 quamVeronaedieXXlX.mensisMartiia.1438

266 1739 395 1813 lutuno
413 1740 562 1814 Cesarini
577 1740 753 1814 Cardinali
772 1741 1054 1831 celebratissimo,
1072 1743 1121 1814 al-

267 1872 341 1930 tera
358 1881 460 1954 quarn
478 1881 508 1930 a.
528 1855 1013 1951 1439⁴⁴V01121118F10120i500
1031 1858 1119 1930 Con-

266 1970 420 2045 dulmerto
429 1971 605 2045 Cardinali
615 1972 673 2068 qui
687 1997 796 2070 nuper
806 1973 998 2071 Episcopus
1008 1975 1118 2047 Vero·

267 2088 380 2162 nensis
398 2089 531 2161 electus
548 2105 602 2161 est
622 2087 768 2186 scripsit.
789 2092 824 2161 ln
843 2105 987 2187 utraque
1004 2106 1117 2162 autern

266 2203 413 2301 epistola
430 2204 577 2277 maxima
593 2228 712 2277 eorum
731 2204 763 2276 in
784 2208 975 2278 Romanam
995 2207 1119 2280 Eccle-

266 2319 348 2392 siam
379 2335 560 2417 totumque
585 2321 706 2394 orbem
734 2320 964 2394 Christianum
996 2321 1117 2395 merita

266 2438 422 2511 celebrat
452 2434 640 2531 (Cardinali
672 2438 923 2512 Condulmerio
950 2438 1053 2512 etiam
1071 2437 1117 2513 de

269 2551 479 2650 Episcopatu
493 2550 685 2627 Veronensi
698 2553 830 2652 adepto
851 2552 1117 2651 congratulatur)

267 2690 334 2741 nec
364 2683 477 2742 tamen
503 2668 628 2741 omittit
659 2669 795 2743 lratrem
824 2669 1041 2744 Leonardum
1066 2669 1117 2743 eis

265 2782 522 2874 commendare,
550 2784 608 2882 qui
631 2801 739 2858 totum
770 2784 941 2882 religiosae
970 2786 1049 2859 vitae
1078 2810 1116 2860 se

265 2896 419 2972 dederat.

315 3012 447 3087 Eodem
479 3014 551 3089 lere
582 3032 740 3113 ternpore
770 3013 987 3114 (1437-38)
1014 3019 1116 3090 lsotae

265 3128 388 3204 litterae
414 3129 458 3203 ad
485 3129 656 3203 Fellrr'num
678 3129 888 3203 Boiardumu
918 3129 1114 3203 fidissimum

267 3244 422 3318 Leonelli
438 3244 588 3318 Estensis
601 3245 763 3318 comitem
775 3261 811 3318 et
819 3245 965 3318 amicum
976 3245 1114 3343 scriptae

265 3384 342 3434 esse
367 3360 535 3451 videntur,
554 3385 635 3458 quae
656 3386 734 3434 cunr
761 3360 826 3435 alia
851 3359 964 3435 desint
989 3359 1115 3434 indicia

266 3468 389 3574 quibus
416 3500 487 3576 quo
512 3491 670 3575 ternpore
705 3474 796 3552 datae
814 3476 880 3551 sint
897 3476 975 3550 elici
994 3475 1113 3576 possit,
