2850 4694
826 600 881 662 118

422 773 480 846 tiae
493 772 596 846 flores
610 773 750 871 prosert.
771 776 855 873 Qua
868 773 1006 870 quidem
1021 772 1104 870 quid
1122 774 1182 846 tibi
1201 798 1272 846 me-

422 889 485 963 lius
502 906 607 986 atque
624 889 840 987 praestantius
866 913 1068 986 comparare
1091 889 1271 987 potuisses,

423 1005 554 1103 ignoro.
591 1007 830 1105 Quamobrem
858 1005 1020 1079 maximas
1044 988 1169 1103 gratias
1187 1006 1273 1103 patri

423 1138 483 1195 tuo
507 1146 611 1218 agere
637 1121 757 1211 debes,
784 1121 853 1218 qui,
881 1139 917 1193 ut
944 1121 1123 1217 Philippus
1150 1123 1273 1213 Mace-

395 1235 537 1320 sdoniae
564 1262 623 1311 rex
649 1237 774 1334 primas
800 1236 928 1308 litteras
953 1236 1182 1309 Alexandrum
1209 1237 1272 1309 sub

421 1352 605 1427 Aristotele
623 1350 757 1425 discere
775 1351 892 1440 voluit,
907 1351 953 1423 ita
970 1367 1005 1425 te
1022 1353 1087 1424 sub
1104 1353 1272 1442 Guarino,

420 1469 494 1542 viro
511 1467 802 1566 praestantissimo,
820 1466 945 1540 erudiri
964 1468 1102 1540 curavit.
1123 1470 1271 1541 Tantum

420 1583 511 1658 enim
529 1583 561 1657 ei
575 1582 813 1680 sapientissimi
839 1582 898 1654 viri
926 1581 1087 1672 tribuunt,
1115 1599 1150 1655 ut
1176 1583 1273 1680 igno

421 1724 492 1773 rem
510 1722 553 1772 an
582 1700 684 1771 Plato
709 1715 838 1771 tantum
865 1697 1002 1771 Aristidi
1029 1699 1194 1788 tribuerit,
1214 1699 1271 1795 qui

379 1844 407 1881 ιο
420 1813 600 1912 praeteritis
623 1812 756 1887 cunctis
781 1812 1037 1911 sapientissimis
1055 1813 1113 1909 qui
1130 1812 1272 1885 Athenis

421 1928 608 2002 floruerunt
637 1954 716 2002 eum
747 1930 857 2001 solum
876 1927 1139 2017 existimatione,
1159 1927 1271 2017 laude,

419 2043 644 2117 admiratione
663 2045 801 2141 dignum
820 2043 1074 2118 demonstravit.
1103 2046 1139 2115 ln
1157 2068 1202 2116 eo
1219 2060 1272 2115 est

419 2160 580 2257 quaedam
591 2163 794 2234 Graecarum
807 2160 1072 2256 Latinarumque
1085 2158 1270 2231 litterarum

419 2300 551 2349 summa
576 2276 740 2374 cognitio,
767 2277 864 2372 isque
890 2276 986 2372 quasi
1012 2273 1188 2371 quoddam
1208 2277 1273 2347 lta·

377 2420 403 2473 ις
419 2390 474 2465 liae
491 2392 606 2464 lumen
628 2408 664 2464 et
688 2391 781 2464 sidus
803 2391 926 2464 existit.
955 2391 1194 2489 Quamobrem
1213 2391 1272 2463 lae·

419 2505 480 2578 tari
499 2505 609 2579 debes
627 2506 686 2578 tibi
713 2506 880 2595 evenisse,
909 2523 944 2578 ut
961 2504 1054 2602 apud
1075 2529 1154 2578 eum
1173 2504 1272 2576 bonis

466 2858 500 2923 (ι)
515 2859 631 2922 proferet
647 2860 699 2918 BV,
717 2859 820 2921 profers
836 2860 898 2909 GM.
933 2860 993 2922 Qua
1009 2857 1166 2920 quidamque
1183 2859 1272 2907 melius

419 2940 465 2988 tibi
478 2941 510 2990 C.
543 2941 573 2988 al*
603 2953 630 2988 re
653 2940 714 3001 quia
729 2940 774 2988 tibi
792 2939 862 2989 Min
881 2953 955 3003 marg.
989 2939 1024 2988 de
1041 2939 1086 2987 tibi
1103 2939 1141 2987 M.
1176 2937 1209 3003 (a)
1226 2953 1272 3000 po

419 3020 500 3069 tuisse
515 3020 545 3068 C.
579 3018 737 3082 (4)Phyl.C
772 3017 806 3083 (ς)
816 3019 936 3081 plurimas
953 3021 979 3066 V.
1014 3021 1086 3067 allex.
1102 3019 1134 3067 G.
1169 3017 1203 3080 (6)
1217 3019 1272 3066 Ari·

418 3099 546 3148 stotilec
580 3108 606 3148 te
618 3100 698 3148 voluit
709 3100 758 3148 sub
775 3101 801 3147 V.
838 3097 873 3162 (7)
884 3099 940 3147 viro
951 3112 1021 3147 amm.
1036 3100 1088 3147 HV.
1123 3098 1228 3147 erudire
1239 3099 1269 3147 C.

419 3177 453 3242 (8)
463 3192 573 3240 namque
582 3180 609 3226 Ε.
629 3180 653 3227 ei
665 3193 734 3227 amm.
750 3180 814 3227 GM.
848 3179 894 3226 viri
906 3178 1105 3239 praestantissimi
1118 3180 1146 3225 Ε.
1181 3177 1214 3240 (9)
1226 3178 1272 3225 ari-

418 3259 468 3307 stiti
493 3259 531 3308 M.
566 3259 615 3322 (ιι)
639 3260 708 3320 eum]
730 3273 788 3308 cum
812 3259 875 3307 GM.
910 3259 1043 3307 extimacio
1064 3260 1096 3315 G,
1123 3260 1272 3307 aestimatio?

418 3336 468 3402 (ιι)
498 3338 679 3387 demonstrarit
701 3339 754 3388 CV.
809 3337 857 3402 (ις)
883 3351 1026 3400 groecorurn
1043 3337 1098 3400 (om.
1119 3339 1272 3387 Latinarum·

418 3423 480 3481 que)
491 3419 555 3478 GM,
574 3419 705 3467 latinarum
722 3420 978 3481 groecarumqueEV.
1013 3416 1063 3481 (¹4)
1083 3419 1156 3479 quasi
1172 3431 1218 3466 um.
1242 3419 1270 3465 Ε.

417 3497 547 3559 quondam
574 3498 601 3545 V.
646 3499 721 3560 ytalie
739 3499 776 3547 Μ.
822 3498 872 3562 (ις)
889 3498 967 3561 sydus
985 3498 1072 3548 CGM.
1118 3499 1198 3546 extitit
1217 3498 1269 3545 EV.

417 3576 466 3642 (ις.
485 3580 523 3642 ιό)
540 3578 638 3626 lectitari
657 3580 684 3638 E,
703 3579 827 3627 lectouri
848 3579 875 3626 V.
910 3577 961 3641 (ιό)
980 3577 1045 3626 dens
1062 3578 1092 3627 C.
1126 3585 1187 3640 aput
1206 3577 1269 3626 GM.
