2850 4694
885 596 939 654 ¹¹4

481 750 542 822 has
558 748 662 822 alacri
679 748 795 823 anirno
811 748 952 822 virtutes
977 747 1161 822 tutissimos
1177 749 1330 822 omniurn

481 880 599 962 portus
625 864 829 954 accurristis,
850 881 885 937 ut
901 881 937 939 et
954 863 1052 939 vobis
1076 864 1212 938 solitum
1235 864 1332 939 savo·

480 1004 552 1053 rem
577 980 811 1071 attribuerent,
838 1004 907 1078 qua
923 979 956 1053 in
975 1006 1012 1055 re
1030 981 1120 1055 bene
1136 979 1207 1053 voti
1233 1004 1331 1054 corn·

481 1112 582 1192 potes
607 1095 770 1170 evasistis.
804 1097 909 1171 Nulla
938 1096 1038 1195 igitur
1060 1112 1146 1171 aetas
1172 1094 1205 1169 id
1232 1096 1331 1170 vobis

454 1210 583 1311 sdigne
613 1213 838 1312 inposterum
864 1213 1007 1287 obicere
1028 1212 1166 1311 poterit,
1184 1236 1330 1310 praeser-

479 1326 537 1400 tim
556 1327 651 1425 quod
668 1328 801 1427 optime
826 1328 991 1402 maiorum
1018 1344 1206 1403 vestrorum
1230 1330 1329 1402 here·

478 1444 574 1519 ditati
592 1461 628 1518 et
644 1445 819 1542 praestanti
846 1444 1063 1543 patrimonio,
1082 1444 1116 1519 id
1134 1460 1187 1518 est
1206 1445 1329 1543 gloriae

476 1559 606 1634 virtutis
616 1585 798 1660 rerumque
810 1578 994 1659 gestarum,
1005 1560 1172 1635 dedecori
1187 1561 1328 1652 fueritis,

478 1675 582 1750 inuno
614 1700 747 1750 summa
775 1700 854 1750 cum
885 1675 954 1750 fide
987 1691 1024 1750 et
1058 1701 1127 1750 non
1160 1676 1328 1750 mediocri

434 1821 464 1858 ιο
477 1815 554 1865 curn
573 1790 675 1865 laude
688 1816 751 1865 vos
771 1816 881 1890 genus
898 1808 1046 1867 vestrum
1063 1791 1183 1866 vestris
1201 1791 1327 1890 ingenii

475 1907 576 1980 armis
604 1923 787 2005 vestraque
820 1907 943 1982 virtute
973 1933 1042 1982 non
1072 1932 1191 2006 parum
1221 1909 1328 1982 robo-

476 2048 568 2097 rasse
597 2041 701 2121 atque
731 2026 882 2122 amplum
912 2023 1103 2099 reddidisse
1133 2023 1327 2123 praedicare

475 2155 646 2237 poterunt.
680 2141 775 2240 Quae
796 2164 875 2214 curn
902 2140 949 2214 ita
973 2141 1050 2231 sint,
1076 2141 1103 2213 si
1135 2142 1253 2214 Proba
1274 2141 1326 2214 fe-

475 2256 565 2329 mina
581 2257 872 2354 eloquentissima,
885 2257 913 2332 si
931 2259 1075 2355 Sappho
1088 2257 1325 2355 Corneliaque

432 2396 458 2452 rr
475 2374 670 2446 Gracorum
698 2389 815 2463 matre,
850 2373 878 2447 si
906 2373 1012 2447 Laelia
1046 2374 1090 2446 C.
1128 2374 1324 2471 Nannaque

474 2489 545 2588 Qu.
575 2489 725 2564 Lucretii
756 2489 834 2580 filia,
865 2488 1005 2564 dicendi
1035 2489 1160 2563 viribus
1190 2488 1323 2587 insigni,

472 2603 676 2703 duabusque
708 2605 836 2679 Muciis
866 2604 1081 2703 totidemque
1111 2604 1260 2696 Liciniis,
1287 2623 1325 2681 et

472 2719 657 2795 Ciceronis
670 2737 706 2794 et
720 2720 814 2795 Bruti
824 2720 953 2795 iudicio
963 2719 1096 2794 feminis
1104 2719 1323 2812 doctissimis,

470 2836 634 2935 gloriatur
662 2836 856 2935 antiquitas,
884 2862 948 2912 nos
972 2862 1056 2911 vero
1090 2839 1155 2911 hac
1189 2853 1324 2936 tempe-

517 3083 551 3147 (1)
569 3085 673 3133 nuum.
693 3083 723 3134 0
757 3084 792 3149 (ι)
807 3085 1007 3136 aoeuristiscv.
1041 3084 1181 3148 (motio
1216 3084 1324 3149 (vobit-

470 3177 532 3213 cere
560 3166 588 3212 V.
636 3163 670 3227 (6)
693 3172 772 3213 nostr.
802 3167 830 3213 V·
874 3164 908 3228 (7)
932 3165 1036 3214 matrim.
1064 3166 1092 3213 V.
1134 3163 1168 3228 (8)
1185 3179 1271 3214 rerum
1292 3168 1320 3214 V.

471 3244 504 3306 (9)
528 3246 578 3294 imo
603 3247 630 3294 V.
681 3246 786 3295 medieni
814 3249 841 3296 V.
886 3247 936 3308 (10)
960 3260 1018 3295 curn
1039 3259 1085 3294 om.
1105 3247 1134 3295 C.
1179 3245 1229 3310 (ιι)
1254 3249 1323 3298 redi·

470 3325 539 3373 disse
561 3327 587 3373 V.
629 3324 678 3390 (14)
700 3327 835 3389 SaphoV.
878 3327 998 3376 Cornelia
1013 3327 1085 3386 quod
1107 3328 1136 3376 C.
1177 3326 1322 3391 (15)er

470 3419 611 3466 corumque
632 3407 660 3454 V.
694 3407 774 3457 [elea
795 3408 825 3456 C
870 3408 1014 3466 Mannaque
1037 3405 1067 3455 C.
1112 3406 1162 3470 (ιγ)
1182 3407 1207 3456 d.
1227 3411 1322 3472 nuptiis

469 3485 640 3547 touidemque
666 3487 776 3548 Lyciniis
803 3489 831 3536 V.
874 3485 1101 3549 (18)ferninisonr.
1130 3489 1157 3535 V.
1199 3487 1250 3552 (ι9)
1268 3493 1322 3553 glo·

470 3565 533 3617 fimf
553 3567 580 3614 V·
615 3567 646 3617 (ΙΙ
666 3567 693 3621 Vr
