2850 4694
720 581 777 647 218

317 759 477 831 valerem.
506 755 688 855 Respondi
712 756 864 854 quidem,
889 756 952 833 sed
977 757 1036 832 diu
1054 776 1171 834 tamen

317 888 354 946 et
392 871 544 971 undique
582 872 780 948 mendicato
813 873 973 973 sufragio.
1006 875 1054 949 Ea
1085 901 1171 951 vero

317 985 422 1063 frusta
438 987 603 1063 orationis
625 1005 661 1064 et
678 987 842 1087 fragmina
859 1014 929 1087 que
946 989 1043 1089 potui
1060 1015 1170 1065 occu-

317 1103 425 1178 rentia
451 1103 681 1203 undecunque
702 1104 857 1180 venirent
886 1105 1026 1205 iungere
1043 1106 1167 1181 adieci.

290 1218 386 1297 ised
429 1219 564 1295 nescius
598 1220 861 1312 conveniantne,
908 1239 943 1296 te
985 1224 1169 1298 consulere

315 1336 415 1411 statui
429 1355 465 1410 et
481 1336 526 1410 ad
543 1353 637 1411 tuum
655 1336 815 1412 iudicium
835 1336 943 1411 mitto.
964 1337 1088 1437 Legito
1105 1338 1169 1412 ita·

315 1477 384 1551 que
410 1471 446 1526 et
471 1477 540 1550 que
566 1469 624 1528 tua
644 1453 864 1527 correctione
881 1453 985 1552 digna
1001 1453 1072 1528 visa
1089 1455 1167 1545 sint,

315 1586 372 1644 tua
388 1568 487 1644 litura
503 1568 682 1668 corrigit03
701 1586 783 1643 tunc
800 1569 891 1643 enirn
910 1594 987 1644 mea
997 1568 1167 1645 salsaesse

315 1709 384 1757 non
409 1683 560 1759 credam.
589 1687 684 1760 Vale.
711 1686 761 1757 Ex
778 1687 918 1759 Verona
935 1685 992 1759 die
1008 1684 1167 1760 secundo

272 1822 302 1860 ιο
314 1800 456 1874 Ianuarii
476 1801 576 1897 1438.

363 1916 587 1991 Comendato
625 1940 680 1990 me
716 1916 913 2014 gravissime
942 1916 1100 2016 genitrici
1130 1935 1167 1992 et

312 2031 497 2129 splendido
524 2034 601 2105 Ant.
634 2031 725 2105 fratri
750 2051 787 2105 et
811 2031 961 2130 coniugi,
980 2049 1015 2105 et
1032 2034 1164 2107 Iacobo

314 2148 512 2245 Lavagnolo
542 2164 578 2222 et
607 2163 766 2245 spectate
785 2148 1031 2222 Bartholomee
1061 2147 1163 2246 iugali

313 2262 393 2336 mihi
419 2262 563 2336 comatri
590 2261 820 2337 dilectissime.
850 2264 953 2364 Quos
978 2287 1100 2337 omnes
1130 2262 1164 2336 in

270 2400 296 2452 ις
312 2378 387 2453 dies
411 2396 564 2477 expecto
581 2396 697 2477 preter
713 2381 790 2452 Ant.
818 2395 1030 2476 conpatrem,
1058 2403 1163 2477 quem

312 2495 388 2569 istic
412 2494 488 2569 scio
509 2497 609 2570 clavo
627 2493 810 2592 Cupidinis
835 2494 937 2568 fixum
955 2518 1043 2568 esse.
1063 2494 1165 2568 Con-

311 2612 387 2684 sulo
404 2594 590 2701 remaneat,
609 2636 653 2684 ne
671 2610 763 2685 sallat
779 2633 931 2684 amorem
949 2633 1056 2683 suum.

311 2839 338 2900 Α
351 2845 435 2920 tergo:
453 2838 622 2902 clarissime
631 2852 662 2901 et
669 2839 836 2901 doctissime
845 2837 945 2917 virgini
952 2836 1071 2899 dornine
1083 2839 1164 2901 lsote

457 2939 495 3000 de
520 2936 677 3018 Nogarolis
698 2955 751 2998 sue
774 2946 873 3018 preter
891 2947 1004 2997 ceteras
1016 2934 1165 2999 colendis·

456 3035 538 3096 sime.
1017 3038 1160 3101 venetiis.

358 3249 392 3311 (8)
407 3250 451 3298 litu
464 3285 469 3296 .
484 3264 518 3299 ‚a
536 3250 565 3298 C.
592 3251 642 3313 (ro)
658 3252 717 3314 Lege
733 3262 799 3310 ¹⁴39·
