2850 4694
485 457 524 514 Χ

665 600 736 647 xttv

322 760 402 831 Nec
419 774 533 831 tamen
553 756 662 829 mirari
689 781 880 854 possumus,
907 754 1003 855 quod
1030 755 1127 829 huius

272 872 458 971 inopinatae
475 896 558 946 sane
581 871 776 945 mutationis
803 872 892 945 lama
918 897 986 944 non
1012 871 1125 945 statim

271 987 315 1061 ad
340 1012 462 1061 omnes
492 987 658 1084 pervenit,
690 987 748 1083 qui
775 990 876 1060 lsotae
902 986 1126 1061 admiratione

271 1103 364 1201 capti
397 1120 505 1192 erant,
539 1119 576 1175 et
609 1100 704 1198 quod
740 1101 889 1175 nonnulli
919 1102 1021 1175 etiam
1050 1120 1128 1200 post

271 1218 346 1292 eius
363 1217 508 1292 reditum
527 1217 561 1290 in
575 1217 716 1315 patriam
732 1220 817 1291 tales
830 1217 958 1291 litteras
976 1220 1069 1290 leves
1083 1217 1128 1290 ad

270 1358 347 1408 eam
365 1332 547 1425 dederunt,
564 1335 685 1431 quales
703 1336 824 1407 multas
845 1336 890 1408 ab
915 1358 958 1407 ea
983 1334 1127 1431 scriptas

271 1474 349 1522 esse
367 1449 454 1523 inter
471 1474 592 1523 omnes
610 1466 679 1522 tum
694 1450 884 1522 constabat.
901 1451 991 1521 lnter
1003 1472 1126 1521 annum

278 1590 367 1660 1442
393 1581 430 1638 et
462 1590 552 1660 ¹444
578 1565 783 1638 Constantia
805 1563 1022 1653 Varaneial⁸
1048 1589 1128 1660 quae

271 1704 301 1753 a
328 1705 418 1775 ¹444
434 1680 631 1754 Alexandro
656 1680 794 1754 Slortiae
826 1679 956 1753 Pisauri
983 1679 1127 1777 principi

273 1796 397 1893 nupsit,
416 1820 555 1869 carmen
573 1812 608 1870 et
626 1796 754 1868 litteras
772 1795 928 1869 laudibus
947 1797 1066 1892 plenas
1083 1795 1127 1867 ad

272 1913 396 1984 lsotam
414 1910 521 1984 dedit.
543 1913 679 1984 Etcum
698 1909 823 1984 decem
843 1911 915 1984 lere
932 1911 1028 1985 annis
1049 1930 1129 2008 post

271 2025 422 2101 Andreae
448 2028 672 2101 Contrariol⁹
699 2030 826 2100 Romae
851 2026 967 2101 codex
995 2027 1027 2098 in
1058 2053 1129 2124 quo

254 2203 256 2207 ,
273 2144 426 2239 plurimae
439 2145 601 2217 collectae
614 2159 710 2216 erant
724 2146 826 2217 lsotae
839 2143 998 2240 epistolae
1011 2145 1129 2240 legen-

272 2256 336 2331 dus
362 2260 497 2332 oblatus
514 2276 617 2347 esset,
636 2275 729 2332 tanta
746 2257 882 2356 virginis
903 2257 1128 2331 admiratione

272 2389 394 2470 captus
411 2389 475 2462 est,
495 2391 531 2447 ut
547 2373 659 2446 statim
678 2374 795 2447 litteris
812 2373 949 2472 scriptis
966 2372 1012 2447 de
1029 2399 1129 2470 egre-

272 2487 340 2586 giae
376 2487 500 2561 indolis
530 2489 732 2562 testimoniis
761 2489 793 2561 ei
825 2492 1127 2586 congratularetur.

273 2601 343 2677 Sed
362 2605 439 2676 haec
456 2604 572 2676 omnia
590 2607 691 2678 lsotae
709 2604 888 2677 consilium
912 2630 979 2678 non
1006 2620 1129 2702 potue-

273 2735 350 2791 runt
363 2717 581 2792 labefactare.
599 2719 736 2792 Etiamsi
751 2720 968 2794 Constantiae
982 2737 1018 2793 et
1031 2721 1129 2793 Con-

273 2833 363 2908 trarii
376 2834 530 2932 epistolis
552 2834 730 2932 respondit
744 2876 788 2888 -
804 2836 899 2932 quod
915 2862 993 2909 num
1009 2835 1130 2909 lecerit

275 2948 523 3046 ignoramus-
534 2965 647 3023 tamen
666 2951 773 3024 noluit
786 2976 828 3025 ea
842 2977 921 3048 quae
939 2950 1129 3048 responde

275 3081 325 3138 rat
342 3064 497 3163 epistolis
515 3065 547 3137 in
568 3092 668 3139 unum
687 3067 845 3141 collectis
868 3067 1027 3140 inserere.

325 3183 441 3254 Multo
461 3182 567 3280 magis
585 3182 694 3256 credo
711 3208 787 3256 eam
807 3183 857 3256 eis
875 3183 993 3256 litteris
1010 3181 1130 3256 delec-

274 3312 377 3370 tatam
395 3321 484 3386 esse,
504 3323 589 3394 quas
606 3322 628 3371 a
646 3300 759 3372 Lauro
770 3298 919 3400 Quirino
929 3299 1130 3373 celebratis-

273 3411 362 3485 simo
376 3411 574 3509 prolessore
594 3414 761 3487 Patavino
779 3415 873 3487 circa
890 3413 1040 3487 medium
1059 3416 1129 3487 hoc

275 3527 479 3601 saeculum⁶⁰
502 3528 709 3627 accepisset,
736 3530 859 3627 quibus
886 3528 1066 3629 quomodo
1092 3529 1125 3601 in
