2850 4694
682 627 722 688 99

272 779 383 876 longis
413 781 610 854 elaborasse
641 780 932 855 lucubrationibus
967 798 1122 870 constat;

272 920 374 992 quam
405 920 484 969 cum
514 920 577 970 eos
607 894 735 969 iudicio
769 895 971 994 degustasse
1000 896 1124 972 dicitur

271 1034 350 1084 eum
365 1010 456 1083 illico
470 1036 537 1085 nec
551 1011 738 1108 quidquam
753 1036 889 1109 passum
905 1011 1007 1086 luisse
1025 1011 1123 1111 igno·

272 1125 396 1216 miniae,
419 1126 500 1224 quin
518 1152 683 1201 summam
701 1127 837 1201 laudem
857 1144 1028 1224 perpetuo
1045 1152 1122 1201 esse

272 1241 411 1315 nomine
436 1260 699 1340 consequutum.
729 1244 812 1317 Non
838 1240 941 1316 etiam
959 1243 1007 1315 ob
1034 1243 1123 1316 hanc
1155 1272 1164 1322 ς

272 1357 379 1457 ipsam
410 1357 566 1432 virtutem
592 1375 628 1432 et
657 1357 871 1456 disciplinam
903 1357 1060 1431 Biantem
1087 1375 1122 1431 et

271 1473 447 1558 Solonem,
471 1488 640 1569 praeterea
657 1488 795 1546 ceteros
812 1472 938 1546 eodem
965 1472 1053 1545 inter
1068 1497 1122 1547 sa·

272 1588 406 1686 pientes
430 1588 552 1663 ordine
578 1588 811 1663 dinumeratos
836 1605 963 1664 tantam
990 1589 1022 1662 in
1050 1589 1122 1662 uni-

271 1728 370 1779 verso
384 1721 547 1780 terrarum
565 1706 652 1780 orbe
669 1705 791 1779 virtute
809 1705 932 1779 samam
950 1703 1122 1792 dilatasse,

271 1835 307 1892 ut
323 1820 496 1917 sapientes
513 1820 671 1895 doctrina
683 1844 755 1909 sua,
766 1846 834 1894 non
845 1821 1042 1919 prudentes,
1061 1845 1122 1919 ap·
1140 1851 1168 1886 10

271 1936 385 2033 pellati
396 1935 485 2010 sint?
505 1936 606 2009 Multi
616 1936 706 2010 enim
718 1935 916 2035 prudentes,
927 1936 1027 2035 pauci
1037 1961 1121 2011 vero

269 2051 461 2150 sapientes3
489 2076 578 2142 nam,
598 2069 634 2125 ut
651 2051 758 2149 inquit
784 2052 927 2143 Cicero,
954 2051 1123 2150 sapientia

269 2185 321 2241 est
339 2169 559 2242 humanarum
586 2167 844 2264 divinarumque
871 2192 982 2241 rerum
1000 2167 1120 2265 cogni-

269 2283 328 2373 tio,
346 2299 383 2356 et
399 2307 444 2356 eo
461 2284 634 2382 sapientes
651 2283 813 2381 appellati
831 2299 918 2358 sunt
943 2281 1040 2384 Quid
1059 2283 1119 2381 igi·

269 2416 321 2473 tur
350 2399 518 2496 Gorgiam
550 2398 754 2473 leontinum
785 2398 1043 2496 praedicantem,
1075 2399 1118 2471 nil
1137 2430 1161 2480 ις

268 2515 396 2589 habere
415 2514 472 2612 qui
490 2531 705 2589 senectutem
722 2540 816 2588 suam
840 2515 1020 2604 incusaret,
1039 2539 1117 2588 curn

267 2630 400 2704 scilicet
417 2631 600 2705 iocundam
618 2632 737 2705 litteris
750 2647 964 2705 senectutem
978 2635 1118 2728 ageret?

268 2746 365 2847 Quid
394 2747 604 2822 Pisistratum
631 2773 747 2846 regem
775 2747 923 2821 mendici
944 2764 981 2821 et
1006 2747 1117 2847 inopis

270 2863 415 2936 Homeri
433 2889 542 2962 opera
560 2864 703 2962 perinde
720 2887 762 2938 ac
781 2863 978 2937 mendicare
988 2887 1117 2961 coege-

312 3109 345 3174 (t)
371 3111 590 3173 lugubrationibus
619 3113 646 3159 V.
680 3111 900 3161 lucubrationibus
917 3111 1065 3159 elaborasse
1087 3112 1114 3158 V.

265 3188 299 3252 (ι)
321 3204 397 3253 quem
422 3205 479 3241 cum
496 3192 526 3242 C.
561 3193 637 3241 inicio
658 3194 684 3240 V.
725 3191 915 3255 digustasseC.
957 3190 991 3254 (3)
1008 3191 1067 3240 ilico
1084 3191 1114 3241 C.

265 3271 471 3334 necquicquam
500 3273 527 3320 V·
572 3270 605 3335 (4)
633 3285 728 3321 sumam
750 3273 776 3319 V.
822 3272 855 3334 (ς)
880 3278 1065 3332 consequutam
1086 3273 1113 3320 V.

265 3350 349 3411 etiam]
364 3359 389 3400 et
410 3352 437 3398 V.
473 3350 692 3414 (ttlcnim]vero
713 3353 741 3399 V.
775 3351 977 3414 (rumoaldo
1012 3350 1116 3413 (1))ἀί-

264 3429 375 3478 vinarum
403 3432 619 3494 humanarumque
646 3433 672 3480 V.
724 3431 772 3496 (¹⁴)
794 3432 897 3494 apellati
917 3433 944 3479 V.
995 3430 1043 3495 (ις)
1067 3432 1109 3493 nil]

265 3509 289 3558 ni
306 3510 335 3560 α
370 3511 419 3575 (ιθ)
443 3513 543 3576 pisystr.
571 3515 598 3562 V.
646 3512 769 3564 mendicis
790 3513 817 3560 V.
852 3511 902 3576 (19)
919 3511 1048 3562 medicare
1071 3525 1116 3563 co·

264 3588 362 3652 hegerit
382 3591 409 3638 V.

977 3699 1069 3759 ⁷⁸·
