<?xml version="1.0" encoding="UTF-8"?>
<!DOCTYPE html PUBLIC "-//W3C//DTD XHTML 1.0 Transitional//EN"
    "http://www.w3.org/TR/xhtml1/DTD/xhtml1-transitional.dtd">
<html xmlns="http://www.w3.org/1999/xhtml" xml:lang="en" lang="en">
 <head>
  <title>
</title>
<meta http-equiv="Content-Type" content="text/html;charset=utf-8" />
  <meta name='ocr-system' content='tesseract 3.04.00' />
  <meta name='ocr-capabilities' content='ocr_page ocr_carea ocr_par ocr_line ocrx_word'/>
</head>
<body>
  <div class='ocr_page' id='page_1' title='image "./isotnogarolvero00nogagoog/isotnogarolvero00nogagoog_0174.png"; bbox 0 0 2850 4694; ppageno 0'>
   <div class='ocr_carea' id='block_1_1' title="bbox 651 600 743 644">
    <p class='ocr_par' dir='ltr' id='par_1_1' title="bbox 651 600 743 644">
     <span class='ocr_line' id='line_1_1' title="bbox 651 600 743 644; baseline -0.033 0"><span class='ocrx_word' id='word_1_1' title='bbox 651 600 743 644; x_wconf 79' lang='lat' dir='ltr'>01.le</span> 
     </span>
    </p>
   </div>
   <div class='ocr_carea' id='block_1_2' title="bbox 271 753 1128 3625">
    <p class='ocr_par' dir='ltr' id='par_1_2' title="bbox 271 753 1128 3625">
     <span class='ocr_line' id='line_1_2' title="bbox 271 753 1123 849; baseline -0.005 -20"><span class='ocrx_word' id='word_1_2' title='bbox 271 780 372 829; x_wconf 79' lang='grc' dir='ltr'>χινιι.</span> <span class='ocrx_word' id='word_1_3' title='bbox 409 781 486 827; x_wconf 87' lang='lat' dir='ltr'>xxx.</span> <span class='ocrx_word' id='word_1_4' title='bbox 522 779 597 827; x_wconf 76' lang='lat' dir='ltr'>xcv.</span> <span class='ocrx_word' id='word_1_5' title='bbox 629 779 730 827; x_wconf 85' lang='lat' dir='ltr'>xxxv.</span> <span class='ocrx_word' id='word_1_6' title='bbox 767 778 855 827; x_wconf 78' lang='lat' dir='ltr'>xtvt.</span> <span class='ocrx_word' id='word_1_7' title='bbox 887 778 1005 826; x_wconf 93' lang='grc' dir='ltr'>χχχιιι.</span> <span class='ocrx_word' id='word_1_8' title='bbox 1038 753 1123 849; x_wconf 87' lang='lat' dir='ltr'>legi-</span> 
     </span>
     <span class='ocr_line' id='line_1_3' title="bbox 271 867 1123 966; baseline -0.004 -22"><span class='ocrx_word' id='word_1_9' title='bbox 271 889 332 944; x_wconf 87' lang='lat' dir='ltr'>tur.</span> <span class='ocrx_word' id='word_1_10' title='bbox 375 873 423 943; x_wconf 89' lang='lat' dir='ltr'>Ex</span> <span class='ocrx_word' id='word_1_11' title='bbox 459 871 528 943; x_wconf 91' lang='lat' dir='ltr'>hoc</span> <span class='ocrx_word' id='word_1_12' title='bbox 561 869 688 944; x_wconf 91' lang='lat' dir='ltr'>codice</span> <span class='ocrx_word' id='word_1_13' title='bbox 726 871 828 943; x_wconf 82' lang='lat' dir='ltr'>lsotae</span> <span class='ocrx_word' id='word_1_14' title='bbox 862 869 1044 966; x_wconf 89' lang='lat' dir='ltr'>epistolam</span> <span class='ocrx_word' id='word_1_15' title='bbox 1078 867 1123 941; x_wconf 89' lang='lat' dir='ltr'>ad</span> 
     </span>
     <span class='ocr_line' id='line_1_4' title="bbox 271 983 1122 1081; baseline -0.005 -22"><span class='ocrx_word' id='word_1_16' title='bbox 271 985 432 1059; x_wconf 91' lang='lat' dir='ltr'>lulianum</span> <span class='ocrx_word' id='word_1_17' title='bbox 451 983 674 1058; x_wconf 87' lang='lat' dir='ltr'>Cardinalem</span> <span class='ocrx_word' id='word_1_18' title='bbox 687 983 849 1081; x_wconf 77' lang='lat' dir='ltr'>scriptam</span> <span class='ocrx_word' id='word_1_19' title='bbox 867 983 976 1058; x_wconf 93' lang='lat' dir='ltr'>edidit</span> <span class='ocrx_word' id='word_1_20' title='bbox 985 986 1032 1057; x_wconf 92' lang='lat' dir='ltr'>lo.</span> <span class='ocrx_word' id='word_1_21' title='bbox 1044 986 1122 1056; x_wconf 82' lang='lat' dir='ltr'>Ant.</span> 
     </span>
     <span class='ocr_line' id='line_1_5' title="bbox 271 1099 1125 1199; baseline -0.004 -24"><span class='ocrx_word' id='word_1_22' title='bbox 271 1100 391 1175; x_wconf 88' lang='lat' dir='ltr'>Saxius</span> <span class='ocrx_word' id='word_1_23' title='bbox 418 1100 449 1172; x_wconf 92' lang='lat' dir='ltr'>in</span> <span class='ocrx_word' id='word_1_24' title='bbox 473 1099 650 1173; x_wconf 84' lang='lat' dir='ltr'>«Historia</span> <span class='ocrx_word' id='word_1_25' title='bbox 668 1099 1125 1199; x_wconf 76' lang='lat' dir='ltr'>LitterarioTypographica</span> 
     </span>
     <span class='ocr_line' id='line_1_6' title="bbox 274 1212 1122 1316; baseline -0.005 -27"><span class='ocrx_word' id='word_1_26' title='bbox 274 1214 547 1289; x_wconf 78' lang='lat' dir='ltr'>Mediolanensi·</span> <span class='ocrx_word' id='word_1_27' title='bbox 583 1212 789 1309; x_wconf 75' lang='lat' dir='ltr'>(Mediolani</span> <span class='ocrx_word' id='word_1_28' title='bbox 814 1233 899 1316; x_wconf 78' lang='lat'>1745</span> <span class='ocrx_word' id='word_1_29' title='bbox 930 1216 997 1288; x_wconf 94' lang='lat' dir='ltr'>col.</span> <span class='ocrx_word' id='word_1_30' title='bbox 1017 1212 1122 1308; x_wconf 82' lang='lat' dir='ltr'>cxxx).</span> 
     </span>
     <span class='ocr_line' id='line_1_7' title="bbox 273 1329 1125 1429; baseline -0.004 -25"><span class='ocrx_word' id='word_1_31' title='bbox 273 1330 439 1429; x_wconf 89' lang='lat' dir='ltr'>Denique</span> <span class='ocrx_word' id='word_1_32' title='bbox 481 1329 635 1427; x_wconf 83' lang='lat' dir='ltr'>Epistola</span> <span class='ocrx_word' id='word_1_33' title='bbox 675 1355 713 1402; x_wconf 81' lang='grc' dir='ltr'>ιιι</span> <span class='ocrx_word' id='word_1_34' title='bbox 747 1330 916 1427; x_wconf 87' lang='lat' dir='ltr'>praecedit</span> <span class='ocrx_word' id='word_1_35' title='bbox 951 1329 1125 1426; x_wconf 81' lang='lat' dir='ltr'>dialogum</span> 
     </span>
     <span class='ocr_line' id='line_1_8' title="bbox 271 1443 1125 1543; baseline -0.004 -23"><span class='ocrx_word' id='word_1_36' title='bbox 271 1445 317 1520; x_wconf 90' lang='lat' dir='ltr'>de</span> <span class='ocrx_word' id='word_1_37' title='bbox 350 1444 437 1518; x_wconf 82' lang='lat' dir='ltr'>Adae</span> <span class='ocrx_word' id='word_1_38' title='bbox 467 1461 503 1517; x_wconf 88' lang='lat' dir='ltr'>et</span> <span class='ocrx_word' id='word_1_39' title='bbox 529 1447 611 1519; x_wconf 83' lang='lat' dir='ltr'>Evae</span> <span class='ocrx_word' id='word_1_40' title='bbox 641 1461 791 1543; x_wconf 91' lang='lat' dir='ltr'>peccato</span> <span class='ocrx_word' id='word_1_41' title='bbox 817 1445 849 1518; x_wconf 90' lang='lat' dir='ltr'>in</span> <span class='ocrx_word' id='word_1_42' title='bbox 876 1443 1003 1520; x_wconf 89' lang='lat' dir='ltr'>codice</span> <span class='ocrx_word' id='word_1_43' title='bbox 1032 1445 1125 1517; x_wconf 87' lang='lat' dir='ltr'>Cor·</span> 
     </span>
     <span class='ocr_line' id='line_1_9' title="bbox 271 1559 1073 1658; baseline -0.005 -23"><span class='ocrx_word' id='word_1_44' title='bbox 271 1560 404 1635; x_wconf 90' lang='lat' dir='ltr'>siniano</span> <span class='ocrx_word' id='word_1_45' title='bbox 430 1576 467 1633; x_wconf 90' lang='lat' dir='ltr'>et</span> <span class='ocrx_word' id='word_1_46' title='bbox 488 1559 718 1633; x_wconf 81' lang='lat' dir='ltr'><strong>Laurentiano</strong></span> <span class='ocrx_word' id='word_1_47' title='bbox 740 1563 821 1658; x_wconf 90' lang='lat' dir='ltr'>plut.</span> <span class='ocrx_word' id='word_1_48' title='bbox 841 1584 888 1654; x_wconf 81' lang='lat'>90</span> <span class='ocrx_word' id='word_1_49' title='bbox 917 1584 991 1656; x_wconf 93' lang='lat' dir='ltr'>sup.</span> <span class='ocrx_word' id='word_1_50' title='bbox 1015 1584 1073 1657; x_wconf 86' lang='lat'>47.</span> 
     </span>
     <span class='ocr_line' id='line_1_10' title="bbox 323 1672 1125 1749; baseline -0.002 -1"><span class='ocrx_word' id='word_1_51' title='bbox 323 1675 445 1748; x_wconf 87' lang='lat' dir='ltr'>Libros</span> <span class='ocrx_word' id='word_1_52' title='bbox 461 1690 574 1749; x_wconf 89' lang='lat' dir='ltr'>autem</span> <span class='ocrx_word' id='word_1_53' title='bbox 592 1672 883 1748; x_wconf 74' lang='lat' dir='ltr'>vindobonenses</span> <span class='ocrx_word' id='word_1_54' title='bbox 896 1700 916 1748; x_wconf 90' lang='lat' dir='ltr'>a</span> <span class='ocrx_word' id='word_1_55' title='bbox 930 1676 1125 1748; x_wconf 92' lang='lat' dir='ltr'>Venceslao</span> 
     </span>
     <span class='ocr_line' id='line_1_11' title="bbox 277 1788 1125 1889; baseline -0.005 -25"><span class='ocrx_word' id='word_1_56' title='bbox 277 1793 376 1866; x_wconf 89' lang='lat' dir='ltr'>llartl</span> <span class='ocrx_word' id='word_1_57' title='bbox 401 1789 658 1889; x_wconf 67' lang='lat' dir='ltr'>accuratissime</span> <span class='ocrx_word' id='word_1_58' title='bbox 683 1790 889 1887; x_wconf 91' lang='lat' dir='ltr'>descriptos,</span> <span class='ocrx_word' id='word_1_59' title='bbox 916 1788 1125 1887; x_wconf 81' lang='lat' dir='ltr'>Guelferby-</span> 
     </span>
     <span class='ocr_line' id='line_1_12' title="bbox 274 1903 1126 2005; baseline -0.006 -24"><span class='ocrx_word' id='word_1_60' title='bbox 274 1926 387 1981; x_wconf 91' lang='lat' dir='ltr'>tanum</span> <span class='ocrx_word' id='word_1_61' title='bbox 401 1909 446 1981; x_wconf 88' lang='lat' dir='ltr'>ab</span> <span class='ocrx_word' id='word_1_62' title='bbox 459 1910 614 2005; x_wconf 86' lang='lat' dir='ltr'>Augusto</span> <span class='ocrx_word' id='word_1_63' title='bbox 629 1906 823 1980; x_wconf 92' lang='lat' dir='ltr'>Wilmanns</span> <span class='ocrx_word' id='word_1_64' title='bbox 836 1906 982 1980; x_wconf 89' lang='lat' dir='ltr'>comiter</span> <span class='ocrx_word' id='word_1_65' title='bbox 996 1903 1126 1977; x_wconf 92' lang='lat' dir='ltr'>indica-</span> 
     </span>
     <span class='ocr_line' id='line_1_13' title="bbox 273 2019 1124 2120; baseline -0.005 -24"><span class='ocrx_word' id='word_1_66' title='bbox 273 2040 356 2113; x_wconf 92' lang='lat' dir='ltr'>tum,</span> <span class='ocrx_word' id='word_1_67' title='bbox 384 2025 636 2097; x_wconf 89' lang='lat' dir='ltr'>Monacensem</span> <span class='ocrx_word' id='word_1_68' title='bbox 680 2023 754 2120; x_wconf 90' lang='lat' dir='ltr'>ipse</span> <span class='ocrx_word' id='word_1_69' title='bbox 787 2021 928 2112; x_wconf 91' lang='lat' dir='ltr'>contuli,</span> <span class='ocrx_word' id='word_1_70' title='bbox 962 2019 1124 2095; x_wconf 91' lang='lat' dir='ltr'>codicum</span> 
     </span>
     <span class='ocr_line' id='line_1_14' title="bbox 274 2137 1125 2235; baseline 0.002 -27"><span class='ocrx_word' id='word_1_71' title='bbox 274 2138 518 2213; x_wconf 77' lang='lat' dir='ltr'>vaticanorum</span> <span class='ocrx_word' id='word_1_72' title='bbox 558 2137 711 2212; x_wconf 84' lang='lat' dir='ltr'>notitiam</span> <span class='ocrx_word' id='word_1_73' title='bbox 741 2142 896 2235; x_wconf 82' lang='lat' dir='ltr'>Augusto</span> <span class='ocrx_word' id='word_1_74' title='bbox 940 2138 1024 2210; x_wconf 90' lang='lat' dir='ltr'>Mau</span> <span class='ocrx_word' id='word_1_75' title='bbox 1063 2137 1125 2210; x_wconf 96' lang='lat' dir='ltr'>de-</span> 
     </span>
     <span class='ocr_line' id='line_1_15' title="bbox 274 2251 1123 2352; baseline -0.004 -25"><span class='ocrx_word' id='word_1_76' title='bbox 274 2256 406 2344; x_wconf 87' lang='lat' dir='ltr'>bemus,</span> <span class='ocrx_word' id='word_1_77' title='bbox 432 2254 490 2352; x_wconf 92' lang='lat' dir='ltr'>qui</span> <span class='ocrx_word' id='word_1_78' title='bbox 509 2252 612 2329; x_wconf 91' lang='lat' dir='ltr'>etiam</span> <span class='ocrx_word' id='word_1_79' title='bbox 630 2256 732 2328; x_wconf 82' lang='lat' dir='ltr'>lsotoe</span> <span class='ocrx_word' id='word_1_80' title='bbox 749 2253 793 2327; x_wconf 91' lang='lat' dir='ltr'>ad</span> <span class='ocrx_word' id='word_1_81' title='bbox 809 2253 909 2326; x_wconf 87' lang='lat' dir='ltr'>Pium</span> <span class='ocrx_word' id='word_1_82' title='bbox 928 2251 1123 2326; x_wconf 90' lang='lat' dir='ltr'>Secundum</span> 
     </span>
     <span class='ocr_line' id='line_1_16' title="bbox 276 2368 1126 2467; baseline -0.004 -24"><span class='ocrx_word' id='word_1_83' title='bbox 276 2373 376 2444; x_wconf 88' lang='lat' dir='ltr'>Pont.</span> <span class='ocrx_word' id='word_1_84' title='bbox 412 2372 506 2444; x_wconf 90' lang='lat' dir='ltr'>Max.</span> <span class='ocrx_word' id='word_1_85' title='bbox 539 2369 720 2467; x_wconf 90' lang='lat' dir='ltr'>epistolam</span> <span class='ocrx_word' id='word_1_86' title='bbox 743 2394 788 2442; x_wconf 91' lang='lat' dir='ltr'>ex</span> <span class='ocrx_word' id='word_1_87' title='bbox 814 2369 917 2443; x_wconf 90' lang='lat' dir='ltr'>unico</span> <span class='ocrx_word' id='word_1_88' title='bbox 947 2368 1005 2466; x_wconf 90' lang='lat' dir='ltr'>qui</span> <span class='ocrx_word' id='word_1_89' title='bbox 1032 2384 1126 2442; x_wconf 90' lang='lat' dir='ltr'>extat</span> 
     </span>
     <span class='ocr_line' id='line_1_17' title="bbox 274 2478 1126 2584; baseline -0.004 -23"><span class='ocrx_word' id='word_1_90' title='bbox 274 2478 402 2561; x_wconf 86' lang='lat' dir='ltr'>codice</span> <span class='ocrx_word' id='word_1_91' title='bbox 437 2485 681 2560; x_wconf 89' lang='lat' dir='ltr'>Ottoboniano</span> <span class='ocrx_word' id='word_1_92' title='bbox 714 2485 802 2584; x_wconf 83' lang='lat'>1677</span> <span class='ocrx_word' id='word_1_93' title='bbox 833 2483 1026 2582; x_wconf 87' lang='lat' dir='ltr'>descripsit,</span> <span class='ocrx_word' id='word_1_94' title='bbox 1059 2485 1126 2558; x_wconf 86' lang='lat' dir='ltr'>Pa-</span> 
     </span>
     <span class='ocr_line' id='line_1_18' title="bbox 275 2598 1127 2703; baseline -0.005 -28"><span class='ocrx_word' id='word_1_95' title='bbox 275 2600 365 2676; x_wconf 92' lang='lat' dir='ltr'>risini</span> <span class='ocrx_word' id='word_1_96' title='bbox 383 2600 458 2674; x_wconf 90' lang='lat' dir='ltr'>libri</span> <span class='ocrx_word' id='word_1_97' title='bbox 481 2600 578 2703; x_wconf 85' lang='lat'>8580</span> <span class='ocrx_word' id='word_1_98' title='bbox 603 2600 824 2676; x_wconf 89' lang='lat' dir='ltr'>collationem</span> <span class='ocrx_word' id='word_1_99' title='bbox 850 2603 1005 2698; x_wconf 83' lang='lat' dir='ltr'>Augusto</span> <span class='ocrx_word' id='word_1_100' title='bbox 1036 2598 1127 2671; x_wconf 92' lang='lat' dir='ltr'>Wil-</span> 
     </span>
     <span class='ocr_line' id='line_1_19' title="bbox 276 2713 1126 2815; baseline -0.002 -25"><span class='ocrx_word' id='word_1_101' title='bbox 276 2741 394 2791; x_wconf 90' lang='lat' dir='ltr'>manns</span> <span class='ocrx_word' id='word_1_102' title='bbox 423 2732 604 2815; x_wconf 89' lang='lat' dir='ltr'>acceptam</span> <span class='ocrx_word' id='word_1_103' title='bbox 631 2716 820 2806; x_wconf 78' lang='lat' dir='ltr'>referimus,</span> <span class='ocrx_word' id='word_1_104' title='bbox 838 2713 927 2790; x_wconf 91' lang='lat' dir='ltr'>duos</span> <span class='ocrx_word' id='word_1_105' title='bbox 952 2715 1011 2813; x_wconf 89' lang='lat' dir='ltr'>qui</span> <span class='ocrx_word' id='word_1_106' title='bbox 1037 2740 1126 2813; x_wconf 86' lang='lat' dir='ltr'>prae-</span> 
     </span>
     <span class='ocr_line' id='line_1_20' title="bbox 275 2829 1126 2928; baseline -0.004 -22"><span class='ocrx_word' id='word_1_107' title='bbox 275 2849 328 2908; x_wconf 88' lang='lat' dir='ltr'>ter</span> <span class='ocrx_word' id='word_1_108' title='bbox 361 2834 452 2906; x_wconf 92' lang='lat' dir='ltr'>hunc</span> <span class='ocrx_word' id='word_1_109' title='bbox 486 2848 604 2906; x_wconf 87' lang='lat' dir='ltr'>extant</span> <span class='ocrx_word' id='word_1_110' title='bbox 637 2831 742 2906; x_wconf 93' lang='lat' dir='ltr'>libros</span> <span class='ocrx_word' id='word_1_111' title='bbox 777 2830 950 2905; x_wconf 88' lang='lat' dir='ltr'>Parisinos</span> <span class='ocrx_word' id='word_1_112' title='bbox 979 2829 1126 2928; x_wconf 87' lang='lat' dir='ltr'>lgnatius</span> 
     </span>
     <span class='ocr_line' id='line_1_21' title="bbox 278 2947 1127 3045; baseline -0.004 -24"><span class='ocrx_word' id='word_1_113' title='bbox 278 2951 387 3037; x_wconf 88' lang='lat' dir='ltr'>Kont,</span> <span class='ocrx_word' id='word_1_114' title='bbox 411 2949 635 3021; x_wconf 89' lang='lat' dir='ltr'>Mantuanum</span> <span class='ocrx_word' id='word_1_115' title='bbox 653 2947 814 3023; x_wconf 89' lang='lat' dir='ltr'>codicem</span> <span class='ocrx_word' id='word_1_116' title='bbox 832 2948 1025 3045; x_wconf 88' lang='lat' dir='ltr'>Stephanus</span> <span class='ocrx_word' id='word_1_117' title='bbox 1053 2948 1127 3018; x_wconf 89' lang='lat' dir='ltr'>Da-</span> 
     </span>
     <span class='ocr_line' id='line_1_22' title="bbox 274 3060 1127 3152; baseline -0.001 -17"><span class='ocrx_word' id='word_1_118' title='bbox 274 3064 345 3139; x_wconf 79' lang='lat' dir='ltr'>vari</span> <span class='ocrx_word' id='word_1_119' title='bbox 378 3062 533 3152; x_wconf 91' lang='lat' dir='ltr'>contulit,</span> <span class='ocrx_word' id='word_1_120' title='bbox 573 3063 792 3138; x_wconf 88' lang='lat' dir='ltr'>Florentinos</span> <span class='ocrx_word' id='word_1_121' title='bbox 830 3062 975 3137; x_wconf 85' lang='lat' dir='ltr'>codices</span> <span class='ocrx_word' id='word_1_122' title='bbox 1010 3060 1127 3136; x_wconf 90' lang='lat' dir='ltr'>Ludo-</span> 
     </span>
     <span class='ocr_line' id='line_1_23' title="bbox 274 3176 1127 3267; baseline -0.001 -16"><span class='ocrx_word' id='word_1_123' title='bbox 274 3179 369 3254; x_wconf 90' lang='lat' dir='ltr'>vicus</span> <span class='ocrx_word' id='word_1_124' title='bbox 400 3177 570 3253; x_wconf 85' lang='lat' dir='ltr'>Passerini</span> <span class='ocrx_word' id='word_1_125' title='bbox 603 3176 837 3254; x_wconf 81' lang='lat' dir='ltr'>conferendos</span> <span class='ocrx_word' id='word_1_126' title='bbox 858 3177 998 3267; x_wconf 88' lang='lat' dir='ltr'>curavit,</span> <span class='ocrx_word' id='word_1_127' title='bbox 1016 3180 1127 3251; x_wconf 92' lang='lat' dir='ltr'>Vero-</span> 
     </span>
     <span class='ocr_line' id='line_1_24' title="bbox 276 3292 1127 3392; baseline -0.005 -23"><span class='ocrx_word' id='word_1_128' title='bbox 276 3321 416 3369; x_wconf 90' lang='lat' dir='ltr'>nensem</span> <span class='ocrx_word' id='word_1_129' title='bbox 435 3294 596 3368; x_wconf 91' lang='lat' dir='ltr'>codicem</span> <span class='ocrx_word' id='word_1_130' title='bbox 615 3296 782 3392; x_wconf 91' lang='lat' dir='ltr'>Iosephus</span> <span class='ocrx_word' id='word_1_131' title='bbox 797 3292 954 3391; x_wconf 88' lang='lat' dir='ltr'>Biadego</span> <span class='ocrx_word' id='word_1_132' title='bbox 971 3293 1127 3390; x_wconf 91' lang='lat' dir='ltr'>descrip-</span> 
     </span>
     <span class='ocr_line' id='line_1_25' title="bbox 275 3408 1125 3508; baseline -0.007 -22"><span class='ocrx_word' id='word_1_133' title='bbox 275 3412 329 3502; x_wconf 90' lang='lat' dir='ltr'>sit,</span> <span class='ocrx_word' id='word_1_134' title='bbox 364 3409 516 3484; x_wconf 91' lang='lat' dir='ltr'>notitiam</span> <span class='ocrx_word' id='word_1_135' title='bbox 554 3409 775 3508; x_wconf 87' lang='lat' dir='ltr'>Neapolitani</span> <span class='ocrx_word' id='word_1_136' title='bbox 813 3409 888 3483; x_wconf 90' lang='lat' dir='ltr'>libri</span> <span class='ocrx_word' id='word_1_137' title='bbox 927 3412 966 3482; x_wconf 90' lang='grc' dir='ltr'>Α.</span> <span class='ocrx_word' id='word_1_138' title='bbox 1005 3408 1125 3496; x_wconf 88' lang='lat' dir='ltr'>Miola,</span> 
     </span>
     <span class='ocr_line' id='line_1_26' title="bbox 276 3523 1128 3625; baseline -0.007 -23"><span class='ocrx_word' id='word_1_139' title='bbox 276 3526 546 3605; x_wconf 87' lang='lat' dir='ltr'>Cremisanensis</span> <span class='ocrx_word' id='word_1_140' title='bbox 559 3526 633 3603; x_wconf 91' lang='lat' dir='ltr'>libri</span> <span class='ocrx_word' id='word_1_141' title='bbox 651 3528 759 3625; x_wconf 84' lang='lat' dir='ltr'>Hugo</span> <span class='ocrx_word' id='word_1_142' title='bbox 771 3524 940 3616; x_wconf 84' lang='lat' dir='ltr'>Schmidt,</span> <span class='ocrx_word' id='word_1_143' title='bbox 951 3523 1128 3598; x_wconf 84' lang='lat' dir='ltr'>Basileen·</span> 
     </span>
    </p>
   </div>
   <div class='ocr_carea' id='block_1_3' title="bbox 0 0 1435 4694">
    <p class='ocr_par' dir='ltr' id='par_1_3' title="bbox 0 0 1435 4694">
     <span class='ocr_line' id='line_1_27' title="bbox 0 0 1435 4694; baseline 0 0"><span class='ocrx_word' id='word_1_144' title='bbox 0 0 1435 4694; x_wconf 95' lang='lat' dir='ltr'> </span> 
     </span>
    </p>
   </div>
  </div>
 </body>
</html>
