2850 4694
680 605 720 648 ut

271 757 399 833 decimi
413 775 510 856 purte
526 758 685 857 singulari
703 756 855 856 quodam
866 782 948 833 casu
962 756 995 831 in
1014 759 1127 832 lucem

273 889 465 971 protractus
474 891 577 948 esset
588 877 689 948 Anno
706 875 798 948 enim
814 874 902 976 1562
914 897 1033 947 mense
1042 875 1129 971 Sep

273 989 395 1063 tembri
422 988 618 1064 Bernardus
637 989 831 1087 Naugerius
847 988 1043 1064 Cardinalis
1059 991 1130 1063 Ve-

273 1104 428 1179 ronensis
474 1105 669 1203 Episcopus
702 1121 838 1180 creatus
871 1122 925 1179 est
966 1129 1129 1202 annoque

272 1219 541 1322 sequenti01563
562 1219 621 1294 die
647 1245 741 1294 nono
767 1220 893 1295 mensis
920 1218 1130 1294 Decembris

272 1338 445 1410 Veronam
456 1336 575 1410 urbem
584 1335 730 1426 intravit,
743 1335 799 1410 cui
813 1360 892 1410 cum
906 1335 1009 1410 etiam
1024 1338 1130 1410 Fran·

273 1449 387 1526 ciseus
422 1452 602 1549 Nogarola
626 1449 673 1525 de
704 1476 796 1525 novo
821 1449 996 1549 dignitatis
1021 1450 1130 1549 gradu

273 1565 511 1666 gratulandum
529 1590 608 1641 esse
625 1567 828 1657 censuisset,
856 1592 900 1641 ne
924 1567 1041 1642 vacuis
1060 1593 1130 1642 ma·

274 1682 373 1757 nibus
395 1682 439 1756 ad
466 1681 679 1780 Episcopum
705 1681 896 1758 accederet
925 1686 1028 1758 lsotae
1057 1682 1130 1757 dia·

275 1800 391 1897 logum
425 1798 514 1897 typis
546 1797 678 1874 Aldinis
707 1798 970 1897 imprimendum
1000 1798 1131 1874 curavit

274 1931 311 1989 et
340 1913 529 1988 editionem
561 1914 752 2013 principem
779 1914 975 2013 amplissimi
1005 1913 1131 1988 Cardi-

276 2031 360 2106 nolis
378 2031 505 2105 nomini
518 2029 703 2105 dedicavit
724 2030 834 2132 Quod
852 2056 924 2128 quo
941 2031 1129 2129 praesertim

275 2146 423 2222 consilio
464 2147 599 2237 fecerit,
641 2172 686 2220 ex
726 2147 875 2245 epistola
915 2145 1131 2221 dedicatoria

275 2264 427 2336 Veronae
454 2261 624 2337 Kalendis
651 2262 910 2337 Decembribus
934 2261 980 2337 ad
1005 2260 1131 2336 Cardi-

277 2379 388 2453 nalem
401 2376 483 2452 data
494 2396 649 2477 apparet,
665 2378 697 2452 in
716 2403 785 2476 qua
793 2403 855 2454 cur
864 2378 1040 2454 Cardinuli
1053 2403 1131 2476 gra·

277 2495 439 2568 tularetur
450 2517 526 2568 eam
536 2493 640 2568 etiam
654 2518 792 2569 causam
805 2494 870 2569 sibi
885 2510 1013 2593 presto
1026 2493 1131 2569 fuisse

276 2610 392 2700 refert,
410 2609 506 2708 quod
523 2609 626 2684 etiam
645 2610 792 2684 maiores
808 2633 889 2685 suos
914 2626 1130 2708 perveterem

277 2724 381 2799 fidem
398 2749 492 2800 suam
509 2741 615 2821 atque
630 2725 882 2799 observantiam
907 2749 991 2822 erga
1015 2724 1132 2799 claris·

276 2840 396 2916 simam
431 2841 641 2940 Naugeriam
684 2840 843 2916 familiam
880 2857 1037 2916 testatam
1071 2841 1132 2916 ali-

278 2955 419 3052 quando
436 2956 616 3055 reliquisse
633 2955 844 3030 meminerat

329 3072 371 3145 Et
403 3096 486 3147 sane
522 3097 592 3146 non
617 3071 691 3147 sine
724 3071 872 3145 maxima
904 3070 1132 3146 admiratione

279 3186 422 3285 legimus
460 3186 494 3260 in
530 3187 659 3286 dialogi
693 3186 848 3261 editione
885 3186 1010 3260 Aldina
1043 3211 1132 3285 prae-

280 3320 333 3378 ter
370 3302 588 3378 Leonardum
623 3305 726 3377 lsotoe
760 3303 897 3377 fratrem
931 3304 1131 3400 theologum

280 3418 605 3516 prestandssimum‚
632 3418 690 3516 qui
714 3419 742 3492 F
745 3416 901 3493 uscareni
927 3419 1043 3493 locum
1068 3442 1132 3492 oc-

279 3549 396 3634 cupat,
426 3557 528 3608 unum
553 3558 575 3609 e
601 3533 798 3609 Cardinelis
825 3531 990 3608 Bemardi
1025 3532 1133 3609 maio-
