2850 4694
719 540 776 599 216

317 731 393 781 seas
419 709 541 781 orbem
573 734 641 781 non
668 707 848 783 videberis.
883 709 1064 798 Probabis,
1082 710 1172 797 sci0,

316 823 519 898 sententiam
546 848 669 914 meam,
695 824 758 898 sed
777 824 866 898 sorte
883 825 992 915 dices,
1011 825 1107 923 quod
1126 851 1172 899 ex

318 940 422 1013 multa
447 964 608 1013 novarum
635 965 745 1013 rerum
772 941 875 1038 copia
893 965 1034 1037 quarum
1053 942 1171 1040 optio-

318 1079 394 1129 nem
409 1054 525 1129 sacere
539 1055 659 1145 debes,
675 1055 816 1131 nescias.
834 1058 908 1154 Ego
926 1081 1009 1131 vero
1026 1057 1091 1131 etsi
1111 1073 1170 1132 tua

291 1198 300 1246 t
318 1169 704 1268 prudentiadiscernere
718 1188 753 1245 et
765 1172 900 1246 sciaset
910 1173 1030 1270 possis,
1042 1190 1168 1261 tamen,

317 1287 400 1384 quid
426 1305 494 1362 tam
513 1289 685 1386 pulchrius
704 1312 805 1385 quam
824 1288 1005 1362 comodius
1022 1290 1168 1388 deligas,

318 1404 430 1501 putavi
445 1403 505 1476 tibi
520 1428 728 1501 proponere,
740 1428 818 1476 cum
837 1404 933 1502 quod
952 1405 1030 1478 milri
1051 1423 1167 1478 tecum

317 1543 465 1594 comune
478 1519 521 1593 sit
531 1518 592 1613 (sic
606 1519 695 1592 enim
710 1518 754 1593 de
768 1521 870 1593 rebus
885 1521 1007 1594 nostris
1019 1521 1167 1595 vicissim

316 1634 520 1733 pepigimus)
546 1652 615 1709 tum
641 1635 722 1732 quia
746 1635 805 1707 tibi
827 1653 862 1708 et
889 1636 961 1710 usui
986 1654 1022 1710 et
1046 1640 1168 1735 volup-

275 1774 303 1810 ιο
316 1751 374 1824 tati
385 1751 460 1824 sore
477 1774 590 1848 spero.
610 1751 897 1824 Commemorare
914 1750 1058 1841 videtur,
1071 1769 1106 1825 ut
1123 1778 1167 1826 ex

314 1867 473 1942 omnibus
498 1866 701 1963 dignissimis
727 1867 829 1939 rebus
846 1867 988 1964 primum
1007 1868 1169 1966 exquiras

314 1999 350 2055 et
375 2006 544 2079 excerpas
569 1982 733 2071 Servium,
752 2006 823 2078 quo
854 1982 953 2055 nobis
982 1985 1169 2058 revellante

314 2122 451 2172 sensum
490 2115 526 2173 et
563 2096 747 2195 precordia
789 2096 938 2170 omnium
985 2116 1167 2194 poetarum

316 2212 477 2311 principis
514 2212 643 2310 Virgilii
674 2235 891 2310 cognoscere
933 2213 1103 2310 possimus
1133 2233 1169 2288 et

272 2352 297 2401 ις
314 2329 400 2402 flore
421 2353 482 2402 sue
507 2327 671 2403 orationis
689 2327 816 2402 comati
834 2343 870 2401 et
888 2327 983 2402 nitidi
1014 2329 1101 2403 inter
1119 2330 1136 2403 s
1154 2371 1169 2383 ·

295 2443 447 2523 .cundos
465 2443 621 2517 homines
635 2442 864 2541 procedamus
882 2460 918 2516 et
931 2468 1167 2521 coruscemus.

312 2557 407 2632 Alios
432 2557 680 2632 calamistratos
709 2557 822 2632 crines
846 2573 883 2631 et
907 2559 1024 2633 ancias
1049 2561 1078 2633 si
1105 2561 1167 2634 tibi

313 2672 436 2748 luerint
448 2673 614 2770 gratiores
627 2673 728 2762 sert0,
743 2673 850 2746 modo
868 2676 937 2747 hoc
955 2675 1082 2749 monile
1097 2701 1168 2750 non

313 2787 469 2878 rellellas,
495 2788 592 2887 quod
618 2788 678 2862 tibi
705 2788 769 2862 erit
794 2788 909 2863 divino
927 2789 1058 2865 decori.
1078 2794 1169 2866 Vale

270 2931 301 2965 20
313 2903 469 2978 virtutum
486 2903 595 2978 decus
611 2922 647 2979 et
663 2903 859 3001 virginitatis
876 2905 1065 3003 specimen.

363 3021 413 3092 Ex
430 3023 569 3095 Verona
586 3035 710 3118 quarto
730 3020 940 3095 Decembris
964 3022 1064 3117 1438.

313 3202 338 3262 A
353 3207 446 3282 tergo:
459 3202 619 3265 carissime
640 3215 670 3264 et
684 3214 815 3285 spectate
829 3205 929 3284 virgini
943 3203 1062 3265 domine
1088 3207 1168 3269 lsote

462 3299 1163 3382 deNogarolissuepreteroeterascolendissime.

360 3505 410 3568 (ιι)
424 3478 554 3554 serulum'.
570 3541 575 3554 .
590 3520 606 3554 o
624 3506 653 3554 C.
688 3507 739 3568 (aa)
755 3506 804 3570 lege
820 3507 965 3557 clarissime.
