2850 4694
660 590 742 633 LXXX

323 745 379 792 ¹ln
402 743 455 807 egri
481 742 635 791 Herminisci
661 740 821 805 (Armsgnsc)
839 754 907 804 pugo
924 738 1125 803 (department)

270 824 338 875 Gers
361 831 454 873 uoceto
474 823 548 872 etism
567 834 634 871 nunc
650 829 717 871 extet
735 822 843 885 Nogsro
859 820 992 882 oppidum,
1011 819 1083 882 quod
1100 833 1123 870 s.

272 905 340 964 1872.
352 904 412 963 ηδε
421 905 517 953 incolss
529 902 685 952 nnmersbst.
698 902 761 964 Quo
771 909 890 964 tempore
901 909 985 950 sutem
997 913 1060 964 gens
1071 900 1126 950 No-

270 985 358 1048 gsrols
374 983 397 1031 in
416 984 509 1032 ltslism
529 982 699 1046 pervenisset,
718 981 847 1030 Valerium
866 981 1010 1029 Palermum
1034 978 1126 1041 (equo

270 1064 311 1113 liic
321 1077 428 1126 quoque
440 1077 486 1113 sus
496 1064 577 1112 bausit
589 1063 740 1126 Ssnsovino)
752 1069 858 1111 secutus
870 1060 984 1110 indicavi.
999 1061 1124 1111 Ceterum

271 1145 362 1194 conler
385 1157 446 1206 qum
464 1145 572 1193 losnnes
598 1143 711 1206 Bsptists
728 1143 861 1191 Psisrinus
878 1141 1032 1206 (Pugiisrini)
1050 1141 1127 1190 histo·

270 1227 337 1275 ricus
361 1225 510 1274 Vicentinus
530 1223 714 1287 (1415-1500),
741 1224 815 1273 cuius
840 1222 968 1272 Chronico
992 1222 1126 1271 vicentina

270 1305 338 1354 circs
362 1315 455 1354 ennom
482 1304 543 1363 ¹⁴⁸0
564 1304 711 1365 conscripto
734 1310 760 1351 et
781 1303 935 1352 ssilvestro
947 1301 1076 1350 custellini
1101 1314 1124 1351 ι

272 1387 329 1449 udos
363 1385 450 1435 itslice
476 1396 551 1433 verse
580 1398 596 1432 s
623 1382 740 1446 oeorgto
768 1383 865 1432 lscobo
891 1380 985 1430 Aluini
1011 1395 1034 1430 m
1066 1383 1124 1441 1⁶⁶3

270 1466 394 1528 impressu
410 1472 458 1524 est,
483 1478 498 1513 s
521 1464 672 1513 Turressno
695 1463 811 1513 lsudutus
828 1462 862 1511 dc
888 1462 1028 1525 Nogsrolm
1044 1461 1127 1525 gentis

270 1545 369 1609 origine
393 1545 482 1594 litteris
507 1544 649 1594 mundavit:
679 1544 850 1606 «Nogerolsm
878 1540 993 1590 imilism
1021 1541 1127 1590 scientis

271 1639 357 1676 rerum
384 1633 514 1690 gestorum
541 1633 568 1674 et
595 1623 675 1688 glorie
702 1636 829 1673 srmorum
857 1630 884 1671 et
911 1621 1077 1670 benemeritis
1102 1620 1126 1671 in

271 1707 376 1770 petrium
394 1708 487 1754 cisrsn
503 1705 580 1755 fuisse
591 1703 748 1767 occepimus,
762 1703 785 1751 in
802 1701 920 1770 dominop
931 1701 982 1751 tide
994 1701 1125 1761 illustrem,

271 1784 375 1849 opibus,
387 1785 509 1844 smicitiis‚
526 1784 646 1835 effinitste
663 1783 784 1832 nobilium
797 1789 822 1830 et
835 1781 922 1831 lavore
935 1781 1023 1844 populi
1035 1790 1126 1844 poten-

271 1875 323 1916 tem
333 1865 411 1915 luisse
420 1872 528 1924 constet,
539 1864 612 1914 cuius
621 1864 744 1928 originem
752 1876 783 1912 ex
791 1861 873 1913 Gellia
885 1860 963 1911 luisse
980 1861 1003 1909 in
1023 1862 1126 1910 ltsliem·

272 1958 325 2009 que
346 1946 449 1995 venisse
475 1945 524 1996 sub
549 1945 672 1996 Lothsrio
696 1943 757 1993 ado
779 1956 847 1992 snno
862 1956 878 1992 s
895 1942 1023 1991 nstiuitste
1040 1951 1128 1991 nostre

271 2034 328 2090 9³3,
352 2034 378 2075 et
396 2026 480 2074 ltumili
507 2028 566 2075 loco
583 2025 606 2073 in
624 2024 705 2075 Gsllis
721 2032 811 2083 ortem,
829 2022 877 2072 sed
895 2036 927 2071 ex
944 2021 1027 2085 Regis
1043 2022 1124 2084 stirpe

271 2114 351 2167 etque
374 2107 397 2155 in
422 2105 489 2155 urbe
506 2119 622 2170 sgroque
636 2104 780 2154 Veronensi
796 2117 812 2153 s
829 2103 934 2152 Cmsure
951 2102 1035 2151 multis
1050 2101 1125 2164 priri-

273 2187 345 2251 legiis
361 2186 480 2237 donatum
498 2186 576 2236 fuine
594 2198 679 2234 rerum
696 2185 883 2234 Veronensium
899 2185 1002 2232 snnules
1021 2183 1127 2233 demon-

272 2274 360 2317 strsnt.
378 2265 511 2330 Oppidum
528 2267 552 2315 in
569 2265 713 2315 Veronensi
729 2278 793 2330 egro
810 2263 933 2323 condidit,
950 2263 1021 2325 quod
1040 2264 1126 2328 Noge-

273 2348 383 2397 rolerum
408 2346 542 2395 nomlnsvit
565 2346 731 2409 sNogsrolo
754 2343 862 2408 oppido,
881 2343 953 2406 quod
970 2343 993 2392 in
1012 2344 1127 2406 burgun-

272 2425 323 2476 die
339 2426 455 2490 pertibus
470 2433 544 2486 est,s
560 2439 614 2488 quo
630 2426 685 2489 ipss
701 2425 792 2474 inutilis
808 2432 834 2473 et
852 2438 943 2474 nonten
961 2432 987 2473 et
1003 2424 1126 2486 originem

273 2506 405 2556 duxeram
429 2506 497 2568 Qum
520 2507 595 2555 etism
619 2506 735 2555 Vslerius
753 2506 885 2555 Pslermus
902 2504 1007 2567 protulit
1024 2502 1059 2566 (p.
1079 2504 1125 2568 ιι),

274 2600 329 2649 quo
339 2594 408 2636 teste
426 2586 464 2634 tin
477 2599 511 2635 eo
523 2585 580 2648 ipso
592 2585 747 2634 Herminisci
759 2586 819 2633 loco
835 2584 942 2633 celebre
958 2584 1042 2633 sdhuc
1059 2591 1127 2632 extet

275 2667 434 2730 Nogsrolum
451 2664 584 2729 oppidum,
608 2665 646 2715 uui
671 2665 714 2714 ubi
731 2665 861 2727 principes
877 2663 971 2713 eodem
988 2671 1014 2711 et
1031 2676 1128 2727 cogno-

274 2747 341 2795 mine
368 2745 512 2807 iisdemque
538 2745 677 2808 insignibus
704 2744 799 2806 quibus
827 2745 882 2794 boc
909 2744 964 2806 ipss
985 2743 1055 2806 spud
1080 2757 1128 2793 nos

275 2824 365 2874 [smilis
380 2825 435 2874 sine
451 2824 596 2874 discrimine
620 2832 748 2873 utuntur·
776 2824 873 2873 Murius
891 2823 1042 2885 Philelplius
1056 2824 1127 2872 solus

275 2912 377 2968 gentem
400 2905 556 2968 Nogsrolsm
579 2904 628 2954 ide
654 2904 807 2954 Teutonicis
823 2903 979 2965 primoribus
996 2903 1125 2966 inclytum·

274 2987 387 3048 sppellst
403 2983 483 3046 (Libri
501 2984 585 3034 lsotssi
599 2998 623 3032 v.
642 2985 706 3048 υς),

328 3070 340 3108 ³
358 3065 424 3114 linc
440 3065 549 3114 ommino
560 3077 575 3112 e
586 3064 679 3114 codice
695 3065 893 3114 membrsnsceo
909 3076 969 3112 sec.
983 3063 1040 3111 XV.
1060 3061 1128 3111 novi·

276 3158 331 3194 mus
339 3145 445 3194 Mutine
454 3145 477 3194 in
488 3145 647 3195 bibliothece
657 3144 756 3194 Estensi
767 3152 907 3202 asservato,
919 3143 962 3192 ubi
971 3143 1038 3191 vltl.
1050 3142 1079 3191 ii.
1099 3154 1125 3191 ιι

275 3225 348 3289 signo
365 3233 473 3274 notetur.
504 3225 530 3273 ln
547 3233 680 3275 stemmste
697 3225 827 3288 gentilicio
844 3223 915 3273 initio
931 3222 1019 3272 seculi
1036 3221 1128 3272 decimi

277 3305 356 3366 quinti
374 3306 481 3355 losnnes
499 3306 575 3354 Miles
593 3306 725 3369 Nogurols
736 3303 858 3363 occurrit,
872 3303 973 3352 Antonii
987 3304 1129 3367 Nogsrol·

276 3385 349 3443 nlius,
367 3386 472 3448 Angeia
488 3383 574 3443 lister,
594 3386 671 3434 lsotoe
688 3392 803 3447 pstruus,
822 3383 866 3446 qui
882 3397 905 3431 s.
928 3383 987 3442 ¹⁴⁰⁰
1005 3381 1128 3432 Consiliu-

279 3465 331 3514 rius
353 3465 424 3514 urbis
446 3466 559 3515 verone
576 3473 639 3523 eret,
659 3465 682 3514 in
701 3464 767 3514 libro
784 3476 877 3513 census
894 3462 1048 3526 (Csmpione
1064 3461 1125 3512 dell'

279 3545 384 3611 Estinm)
408 3560 431 3595 s„
453 3557 512 3608 140⁹
528 3547 586 3596 «De
605 3546 742 3612 Nogsrolis
759 3544 829 3595 Nob.
854 3544 993 3594 lobsnness
1011 3550 1126 3602 vocetur.
