2850 4694
662 619 728 665 xxn

271 773 437 871 putaverit
471 773 594 870 quibus
632 772 870 870 responderet,
906 789 1122 870 compertum

272 914 340 961 non
370 889 545 978 habemus,
577 913 783 984 quamquam
819 887 909 961 haud
943 887 1123 962 verisimile

271 1020 325 1077 est
348 1028 427 1076 eum
455 1005 581 1077 litteras
615 1003 688 1076 sine
715 1003 822 1076 dubio
857 1003 1123 1077 modestissimus

271 1136 307 1192 et
327 1119 407 1192 satis
428 1121 604 1216 eleganter
624 1118 768 1215 scriptus
790 1143 927 1215 prorsus
941 1135 1123 1217 contemp-

270 1236 374 1324 sisse;
397 1251 533 1310 constat
552 1252 665 1308 tamen
687 1258 825 1308 sorores
848 1260 890 1308 ne
910 1234 1049 1308 Barbari
1067 1260 1124 1308 su-

271 1351 391 1449 perbia
417 1350 555 1448 quidem
583 1349 763 1423 deterritas
781 1374 870 1438 esse,
889 1349 1072 1444 quominus
1091 1350 1123 1422 in

271 1466 412 1540 aliorum
434 1466 580 1539 virorum
602 1465 780 1538 nobilitate
808 1490 875 1538 non
895 1465 1002 1538 minus
1020 1490 1123 1562 quum

271 1581 389 1655 litteris
406 1584 573 1654 clarorum
588 1581 770 1654 amicitiam
781 1581 896 1653 venire
906 1599 1122 1655 conarentur.

274 1696 398 1769 Medio
425 1697 497 1771 lere
523 1722 613 1770 anno
644 1697 732 1791 1436
750 1696 794 1769 ad
812 1697 913 1769 alium
932 1696 1036 1770 virum
1055 1699 1125 1771 Ve-

274 1829 389 1885 netum
414 1812 550 1909 generis
569 1811 746 1885 nobilitate
773 1812 937 1908 insignem
972 1812 1125 1886 accede·

274 1929 480 2023 bant‚quem
498 1951 576 2000 cum
596 1945 632 2000 et
650 1927 723 2024 ipse
742 1927 857 2024 primis
876 1945 1004 2000 tantum
1023 1928 1125 2001 labris

274 2044 383 2116 bonas
409 2042 536 2116 litteras
560 2059 731 2139 gustasset
752 2043 784 2114 in
803 2067 841 2115 se
858 2067 989 2116 summu
1008 2045 1125 2116 huma-

275 2158 380 2231 nitate
399 2182 532 2231 usurum
552 2182 630 2231 esse
648 2182 847 2255 persuasum
875 2159 1003 2232 habere
1025 2175 1125 2256 pote-

274 2291 357 2347 rant.
389 2273 458 2346 Hic
487 2273 627 2346 lacobus
656 2277 816 2346 Foscunu
841 2291 925 2362 erat,
949 2276 977 2345 F
980 2273 1125 2347 runcisci

276 2389 417 2462 Foscari
435 2389 653 2462 Venetiarum
680 2388 777 2462 ducis
804 2389 902 2478 filius,
920 2389 978 2487 qui
997 2388 1126 2463 iuvenis

275 2507 511 2579 nonnullorum
535 2504 681 2577 virorum
700 2505 921 2579 litteratorum
940 2521 1126 2579 consuetu·

275 2620 356 2694 dine
383 2622 551 2710 utebatur,
570 2618 737 2716 cuiusque
764 2621 912 2694 infelicia
939 2621 1007 2694 sata
1032 2618 1125 2717 apud

274 2761 395 2810 omnes
413 2740 620 2810 Venetarum
640 2761 750 2809 rerum
768 2737 955 2834 scriptores
969 2762 1037 2809 non
1051 2737 1126 2810 sine

275 2876 406 2925 summa
430 2851 530 2926 animi
558 2851 688 2925 tristitia
715 2854 879 2949 leguntur.
910 2855 1027 2952 Quem
1046 2874 1125 2923 cum

276 2971 367 3041 lsota
392 2967 581 3042 Francisco
608 2968 761 3041 Barbaro
787 2966 954 3040 suadente
980 2983 1016 3040 et
1033 2966 1126 3040 duce

277 3084 441 3157 bonarum
451 3084 635 3157 litterarum
645 3082 760 3157 studio
778 3081 930 3155 deditum
941 3107 1018 3156 esse
1028 3107 1127 3156 com-

277 3199 431 3296 perisset,
440 3199 551 3272 statim
563 3225 628 3273 una
637 3223 844 3273 cumsorore
854 3199 1028 3271 Zenevera
1040 3222 1128 3272 con·

276 3314 384 3388 silium
402 3315 586 3388 litterarum
604 3314 649 3388 ad
667 3340 745 3388 eum
764 3313 1001 3387 mittendarum
1021 3314 1126 3412 cepit

278 3433 373 3530 Quae
385 3431 507 3505 litterae
516 3455 594 3504 cum
607 3449 762 3528 utraeque
771 3429 816 3503 ad
827 3447 973 3503 nostram
987 3447 1128 3504 aetatem

277 3547 505 3643 pervenerint,
520 3572 622 3643 quam
638 3546 784 3620 maxime
798 3545 935 3620 idoneae
948 3563 1036 3636 sunt,
1051 3546 1128 3643 qui-
