2850 4694
515 648 610 693 ctxttt

129 805 220 901 gelae
253 804 450 899 Nogrtrolaev
479 827 589 900 opera
622 804 770 900 epistola
796 830 864 877 xlv,
901 807 986 901 legi-

130 935 192 992 tur.
234 921 324 992 Tum
355 916 388 991 in
423 917 551 992 codice
581 919 810 994 Ambrosiano
854 923 893 993 M
939 946 986 1015 44

130 1058 204 1131 sup.
252 1034 402 1131 epistola
442 1058 524 1107 xxti.
574 1058 702 1108 xxxvtt.
747 1060 862 1108 xxxix.
915 1061 983 1108 xit.

129 1279 212 1329 solum
236 1287 263 1328 ut
286 1293 303 1328 a
326 1292 367 1328 me
392 1279 504 1328 libellum
528 1280 595 1328 illum
619 1279 806 1343 Gregorianum
831 1286 889 1328 ate
906 1279 985 1343 impu·

130 1358 279 1409 deotissime
303 1359 396 1409 totiens
420 1360 558 1422 repetitum
580 1360 695 1422 arripias,
719 1373 797 1421 quem
822 1359 915 1408 utinam
933 1361 986 1409 ullo

129 1448 248 1502 tempore
265 1452 315 1489 non
331 1437 460 1488 vidissem.
489 1440 596 1502 lnsuper
612 1439 714 1488 fratrem
740 1439 875 1488 Antonium
897 1438 984 1495 lidum,

130 1527 157 1568 ut
182 1532 251 1577 reor,
277 1519 301 1567 in
326 1532 410 1582 opere
432 1527 458 1567 et
483 1519 505 1567 ln
530 1533 651 1569 sermone
667 1518 776 1578 fidelem,
795 1519 984 1581 sicltopltantam

127 1599 270 1662 appellasti.
297 1599 419 1658 Redemi,
439 1607 465 1648 ut
483 1600 585 1657 ssseris,
610 1599 643 1648 ad
666 1608 691 1648 te
710 1600 806 1648 litteras
824 1598 985 1661 impudentes

128 1692 186 1729 cum
210 1679 335 1729 oliensum
361 1687 504 1742 repeteres.
530 1680 589 1729 Non
607 1680 672 1728 enim
690 1679 713 1727 in
731 1680 781 1728 boc
799 1679 843 1728 tibi
860 1679 984 1742 quispiam

128 1757 219 1809 credet
243 1772 301 1808 cum
326 1756 351 1807 id
376 1759 424 1807 mei
447 1758 522 1808 olllcii
546 1772 595 1808 non
619 1759 658 1807 sit.
684 1758 811 1817 Hortaris,
838 1756 913 1807 ulad
930 1773 984 1807 rem

128 1839 235 1898 veniam,
252 1838 298 1888 tibi
321 1838 413 1887 remitti
437 1838 595 1898 liberculum,
612 1852 690 1900 quem
707 1837 867 1887 iamdudum
885 1838 985 1888 habuis-

129 1933 180 1980 ses,
198 1919 219 1968 si
235 1918 294 1967 milri
310 1917 375 1967 lidus
391 1927 434 1968 aut
450 1920 567 1982 cognitus
585 1920 717 1980 siluisset;
734 1919 815 1981 ipsum
833 1919 898 1967 enim
923 1920 983 1966 tanti

128 1998 190 2049 iacis
217 2007 244 2048 ut
269 2012 327 2061 ego,
352 1999 396 2061 qui
421 2013 470 2048 nec
494 2000 648 2062 pecuniosus
674 1996 778 2061 quidem
805 2012 868 2057 sum,
896 2012 984 2047 emere

129 2092 179 2129 non
195 2092 308 2142 possum.
319 2078 488 2142 Quapropter
505 2093 554 2128 non
572 2079 678 2137 mireris,
696 2079 716 2127 si
733 2078 837 2128 cuilibet
854 2091 903 2126 non
915 2091 984 2127 com-

129 2159 192 2209 misi.
211 2159 287 2209 Nunc
302 2173 366 2208 vero
381 2159 442 2220 quia
464 2160 554 2208 allatus
577 2167 616 2208 est
640 2157 715 2219 lidus,
731 2171 873 2219 perquem
888 2172 983 2208 secure

129 2239 260 2289 remittere
276 2239 367 2289 librum
384 2239 444 2288 tanti
460 2239 553 2288 valoris
570 2251 683 2301 possum,
702 2252 752 2287 non
769 2238 860 2287 invitus
880 2238 983 2287 remitto

128 2332 243 2383 sperans,
256 2317 327 2381 quod
344 2332 393 2381 pro
409 2319 467 2381 ipso
482 2317 577 2380 aliquid
595 2318 803 2380 recompensabis
819 2318 843 2366 in
860 2317 980 2366 futurum.

130 2400 201 2449 Dicis
217 2406 244 2449 te
260 2401 379 2448 nonnulla
394 2397 427 2447 ad
444 2413 486 2448 me
502 2398 644 2461 scripsisse,
663 2411 722 2459 quaa
739 2397 797 2447 milti
814 2395 915 2446 reddita
931 2411 981 2446 non

129 2486 196 2538 sunt,
214 2492 263 2528 nec
279 2479 384 2542 hymnos
408 2476 458 2526 vidi
483 2492 532 2540 pro
547 2491 601 2539 quo
619 2485 730 2539 uterque
748 2486 774 2526 ut
790 2476 853 2526 dicis
870 2477 981 2525 iniuriam

129 2559 188 2623 [lege
204 2558 301 2621 iniuria]
325 2567 364 2608 est
386 2558 502 2616 allectus,
529 2559 569 2607 vel
594 2558 683 2606 saltem
699 2559 781 2617 alter;
807 2555 866 2605 vide
889 2570 980 2618 quaeso

129 2637 296 2702 quassanda
312 2652 353 2687 me
368 2636 491 2688 subducis
503 2637 617 2687 laborem
628 2636 751 2687 devitans.
765 2636 845 2686 Addis
854 2645 983 2700 preterea

118 2718 170 2769 'me
176 2717 278 2769 dicendi
285 2718 428 2768 facultatem
436 2731 521 2782 prope
528 2730 625 2768 morum
634 2717 691 2780 [iege
698 2716 898 2780 propemodum]
909 2731 982 2781 egre·

130 2798 194 2862 giam
203 2806 378 2860 essequuturn.
391 2796 444 2847 Sed
454 2799 547 2847 utinam
556 2797 706 2847 existimatio
715 2796 857 2846 huiusmodi
868 2805 911 2846 tua
919 2811 981 2846 vera

129 2885 209 2938 esset;
231 2891 281 2927 non
307 2878 346 2927 ltla
369 2878 419 2927 tuis
442 2877 640 2927 immeritissimis
656 2876 773 2926 laudibus
790 2877 846 2939 ipse
868 2877 981 2937 subibo;

128 2957 186 3007 milti
203 2957 297 3020 potius,
309 2958 347 3007 vir
357 2958 455 3018 eximie,
469 2958 535 3016 milti,
549 2957 657 3019 inquam,
681 2958 737 3019 ipse
754 2956 842 3016 crede,
861 2958 905 3019 qul
923 2959 980 3007 mibi

127 3051 183 3087 sum
200 3037 321 3101 proprior
337 3036 395 3101 [lege
404 3037 520 3100 propior]
530 3037 627 3100 quique
644 3050 684 3086 me
702 3037 759 3086 novi
775 3037 885 3100 penitus.
906 3038 980 3086 Mitte

129 3117 302 3181 igiturqumo
313 3125 340 3167 et
351 3130 411 3179 quaa
422 3118 556 3181 scripsisse
571 3117 665 3166 asseris
679 3125 706 3166 et
723 3117 781 3165 mibi
798 3131 846 3179 per
862 3125 888 3166 te
904 3117 980 3166 scribi

128 3210 186 3247 cum
203 3197 318 3247 instantia
333 3199 468 3260 postulavi,
490 3197 561 3260 quod
578 3206 605 3247 et
620 3197 706 3255 iacies,
725 3210 813 3260 spero,
832 3211 881 3260 pro
897 3204 940 3245 tua
957 3198 979 3245 in

128 3291 169 3327 me
185 3277 363 3327 benivolentia.
383 3278 448 3328 Nam
464 3277 489 3327 id
506 3278 671 3341 gratissimum
688 3277 745 3336 erit,
763 3285 843 3338 teque
860 3274 977 3326 laudabo.

128 3358 210 3409 Parce
226 3358 247 3406 si
263 3357 334 3419 loqui
350 3356 427 3407 datur
437 3358 541 3407 liberius
552 3371 628 3420 quam
640 3365 684 3406 tua
695 3358 808 3418 requirat
820 3357 977 3406 excellentia.

127 3437 192 3487 Vale
224 3438 248 3486 in
272 3451 360 3487 amore
375 3445 456 3499 atque
472 3438 569 3488 solicita
595 3451 636 3486 me
662 3437 842 3494 benivolentia,
860 3444 979 3486 constans

128 3525 204 3579 esto;
219 3531 271 3581 ego
287 3518 353 3567 enim
370 3531 457 3580 neque
473 3517 554 3566 minus
564 3517 659 3566 absens
670 3530 745 3578 quam
758 3530 872 3579 presens
882 3530 941 3565 amo
952 3524 979 3565 te

129 3608 178 3649 nec
198 3597 291 3649 tscitoe
305 3597 387 3648 minus
402 3610 478 3661 quarn
500 3597 617 3648 scribens
633 3609 783 3660 persevero.
798 3597 862 3646 Vale
878 3596 978 3647 iterum.
