2850 4694
666 617 719 676 ²²3

269 788 387 845 natura
400 771 473 869 ipsa
487 771 612 859 valere,
628 784 746 845 cetera
759 795 842 843 vero
859 785 934 843 arte
950 786 987 842 et
1003 768 1118 843 studio

267 902 438 961 constare.
458 889 542 986 Qua
558 910 603 959 ex
621 908 658 959 re
676 900 711 958 te
723 909 799 975 oro,
810 910 854 958 ne
871 883 1024 958 scribere
1042 908 1119 958 ces-

266 1028 332 1078 ses.
363 1003 487 1077 Gloria
503 1001 634 1101 quippe
658 1000 797 1100 agendo
819 999 1119 1099 periclitandoque

266 1117 462 1217 acquiritur,
480 1132 527 1207 et,
543 1133 578 1189 ut
595 1116 704 1214 inquit
721 1116 788 1205 ille,
800 1140 865 1190 nec
882 1117 1119 1214 spectantibus

266 1259 409 1309 coronae
434 1233 497 1309 sed
523 1231 732 1306 certantibus
760 1248 927 1330 parantur,
946 1233 1042 1305 Vale.
1062 1234 1118 1305 Te
1150 1265 1159 1314 ς

266 1368 379 1426 autent
389 1375 465 1441 oro,
477 1365 512 1423 ut
523 1348 669 1447 genitori
680 1366 739 1422 tuo
753 1348 865 1422 verbis
875 1348 959 1423 meis
972 1347 1117 1437 nunties,

268 1484 303 1541 ut
331 1467 376 1541 ad
407 1491 473 1555 me,
504 1466 531 1538 si
558 1465 629 1539 fieri
656 1465 748 1563 potis
774 1480 838 1554 est,
866 1464 1002 1562 copiam
1031 1463 1117 1540 illius

266 1582 424 1681 epistolae
450 1606 539 1657 meae
556 1580 600 1655 ad
619 1580 840 1655 Cardinalem
859 1579 975 1654 Sancti
993 1579 1115 1677 Angeli

266 1698 392 1786 mittat3
419 1722 495 1772 eam
522 1698 612 1771 enim
630 1696 711 1772 dedi
730 1721 830 1795 quam
850 1695 989 1795 praetori
1006 1698 1117 1768 Vero·

267 1813 361 1887 nensi
403 1839 441 1888 se
483 1839 560 1889 esse
594 1812 749 1888 daturum
790 1812 915 1900 aiebat,
953 1811 1115 1909 quoniam
1132 1843 1162 1880 ιο

267 1945 393 2027 praetor
418 1955 494 2004 eam
521 1954 626 2027 porro
643 1931 759 2028 legere
777 1928 1005 2004 desiderabat.
1029 1929 1115 2002 Vale

266 2049 396 2123 iterum.
418 2049 466 2120 Ex
484 2046 647 2121 Venetiis.

312 2279 346 2343 (1)
363 2280 460 2339 natura]
478 2286 655 2327 nostramnam
672 2280 703 2328 R.
737 2277 772 2340 (3)
786 2278 888 2341 agendo
904 2292 949 2328 om.
969 2281 1001 2329 R.
1035 2293 1114 2342 pean

265 2358 413 2420 litandoque
437 2359 468 2407 R.
514 2356 547 2421 (ς)
572 2361 701 2421 parantur}
726 2372 824 2408 corone
848 2360 879 2408 R.
913 2358 947 2420 (6)
962 2361 1067 2409 nuncies
1083 2363 1112 2409 Α.

265 2437 300 2499 (8)
324 2438 420 2502 Angetti
444 2440 496 2488 AR.
541 2439 573 2500 (n.
600 2437 638 2498 ιο)
659 2439 785 2488 Veronesi
806 2441 834 2488 Α.
869 2438 919 2503 (ιο)
943 2439 1062 2488 daturum
1084 2453 1114 2489 se

265 2531 324 2570 esse
336 2520 368 2568 R.
402 2519 451 2582 (υ)
469 2521 504 2569 Ex
521 2520 635 2569 venetiis
651 2533 697 2568 ont.
715 2521 743 2568 A.
