2850 4694
721 542 759 596 40

316 717 378 764 nos
408 692 534 765 litteras
565 693 698 767 mittere
722 694 948 783 intermisisse,
967 695 1017 768 sic
1034 694 1164 768 allicie-

315 807 376 880 bar
394 807 573 897 interdum,
589 827 625 882 ut
642 810 696 882 vix
715 809 826 884 dolori
845 810 1002 884 resistere
1012 835 1160 907 possem.

316 924 405 995 Nam
426 924 586 1020 prosectu
605 924 683 996 mihi
703 928 883 999 molestum
898 943 971 999 erat
989 952 1044 999 me
1062 927 1161 999 talem

314 1055 506 1135 patronum,
537 1044 671 1137 qualem
701 1057 733 1114 te
759 1066 836 1114 esse
867 1041 1051 1138 perspici0,
1082 1042 1163 1114 ami·

288 1156 409 1246 ssisse,
440 1157 601 1253 quoniam
632 1156 666 1228 id
696 1157 791 1253 quod
826 1175 900 1230 erat
929 1157 1162 1231 existimabam

315 1297 448 1346 mecum
472 1297 669 1369 praeconem
701 1273 860 1370 adeptam
893 1273 1006 1355 luisse,
1026 1291 1061 1345 ut
1091 1301 1164 1348 om·

315 1388 404 1461 nium
416 1389 710 1461 lamaimmortalis
720 1389 839 1461 sorem.
854 1389 1012 1486 Mihique
1023 1413 1163 1487 magno-

315 1530 398 1602 pere
421 1504 453 1577 id
476 1504 676 1578 conducere
702 1503 857 1592 arbitror,
885 1505 1046 1601 quoniam
1075 1505 1163 1578 litte-

314 1645 361 1692 rae
392 1636 460 1693 tuae
490 1620 556 1692 ittae
588 1635 715 1692 tantum
747 1619 779 1690 in
806 1644 844 1692 se
875 1636 910 1693 et
939 1620 1112 1716 gravitatis
1129 1638 1164 1694 et

272 1766 301 1801 ιο
313 1735 525 1808 auctoritatis
544 1735 682 1820 habent,
703 1750 738 1806 ut
756 1759 824 1807 non
855 1752 900 1823 te,
923 1734 985 1808 sed
1016 1736 1164 1809 Cicero-

314 1877 390 1925 nem
410 1850 503 1948 loqui
521 1850 741 1938 existimetur,
772 1850 936 1947 civesque
966 1852 1071 1925 nostri
1089 1877 1164 1925 om·

313 1990 374 2040 nes
392 1966 438 2040 de
455 1983 490 2040 te
507 1965 694 2063 gloriantur
722 1983 826 2062 teque
854 1966 992 2039 nomine
1019 1967 1164 2041 civitatis

313 2107 414 2155 unum
434 2081 744 2178 praestantissimum
764 2080 882 2155 dicere
899 2081 1036 2154 audent.
1054 2082 1163 2183 Quod

313 2221 390 2269 cum
422 2197 468 2270 ita
493 2197 546 2285 sit,
574 2222 643 2269 non
674 2196 742 2270 dici
773 2214 899 2294 potest,
931 2222 1032 2294 quam
1063 2199 1163 2272 valde

272 2346 296 2398 ις
312 2311 494 2409 gaudeam,
513 2335 591 2384 cum
611 2312 644 2383 in
663 2329 754 2386 tuam
784 2312 1041 2386 familiaritatem
1060 2338 1165 2387 vene-

313 2427 386 2517 rim,
396 2445 578 2524 etsemper
586 2427 665 2500 dum
680 2453 742 2501 ero
756 2429 908 2502 laetabor.
926 2429 1035 2528 Quod
1049 2447 1162 2503 autem

314 2566 369 2615 me
395 2542 440 2616 ad
466 2543 588 2616 caelum
615 2543 753 2616 summis
779 2543 934 2617 laudibus
963 2545 1111 2633 extollis,
1130 2545 1163 2618 id

313 2656 452 2755 quidem
471 2675 531 2731 tuo
549 2657 738 2731 incredibili
765 2659 877 2731 tribuo
902 2659 1009 2732 amori
1033 2659 1164 2757 tibique

314 2771 476 2846 maximas
505 2773 630 2870 gratias
660 2797 728 2871 ago
758 2791 793 2846 et
816 2776 905 2846 hanc
936 2790 1025 2846 tuam
1045 2774 1090 2848 de
1109 2801 1163 2849 me

271 2922 301 2957 ιο
313 2887 511 2985 opinionem
543 2888 623 2960 mihi
642 2889 819 2985 plurimum
847 2889 1056 2987 profuturam
1087 2914 1164 2965 esse

314 3003 465 3077 conlido.
495 3006 536 3077 Et
562 3004 655 3078 utilia
682 3021 739 3078 tua
755 3030 886 3079 summa
911 3031 993 3103 erga
1015 3031 1069 3079 me
1087 3008 1164 3080 otfi-

313 3120 368 3194 cia
385 3119 549 3193 omittam.
583 3119 680 3220 Quid
699 3120 788 3192 enim
809 3120 888 3193 milri
920 3122 988 3194 hoc
1006 3138 1163 3219 tempore

314 3234 494 3309 iocundius
522 3260 599 3310 esse
630 3252 777 3333 poterat,
796 3259 873 3309 cum
900 3261 968 3334 ego
986 3262 1007 3310 a
1025 3255 1058 3311 te
1076 3263 1163 3334 quo-

361 3421 395 3484 (3)
422 3421 487 3469 Nam
504 3420 623 3484 prolecto
640 3420 675 3470 bis
691 3420 762 3470 labet
783 3421 813 3470 C.
864 3421 896 3484 (4.
928 3421 948 3482 ς)
970 3422 1109 3471 ammisisse
1133 3423 1161 3472 c,

315 3497 350 3561 (7)
362 3500 528 3548 immortalem
544 3499 573 3549 C.
608 3499 658 3563 (22)
676 3501 813 3548 ommittam
831 3499 860 3549 C.
