2926 5168
661 1059 769 1105 mlx

289 1237 362 1286 sum
396 1210 498 1287 dictis
533 1229 569 1285 et
602 1212 691 1287 locis
724 1213 963 1287 communibus
993 1212 1142 1305 resertae,

290 1343 325 1399 ut
341 1351 402 1401 eas
419 1351 463 1400 ex
480 1325 628 1401 cuiusvis
644 1326 781 1425 generis
800 1327 1027 1426 Epistolarum
1056 1329 1143 1401 For-

288 1442 386 1516 mulis
411 1441 636 1541 depromptas
661 1466 739 1516 esse
765 1459 886 1541 putare
915 1443 1036 1543 possis.
1068 1446 1143 1517 Da-

288 1557 389 1630 miani
423 1557 514 1630 enim
544 1557 749 1632 familiaritas
782 1558 898 1655 quanti
934 1583 1021 1632 ase
1050 1558 1143 1632 aesti·

288 1689 409 1761 metus,
420 1671 507 1745 binis
516 1671 635 1746 litteris
647 1670 817 1762 declarat;
831 1672 904 1747 aliis
913 1673 1032 1747 litteris
1045 1697 1083 1746 se
1096 1672 1143 1747 de

286 1785 462 1861 scribendi
492 1785 650 1862 tarditate
678 1812 724 1861 eo
754 1804 908 1878 excusat,
936 1786 1033 1886 quod
1061 1788 1141 1861 nihil

287 1903 414 1976 habeat
431 1901 477 1976 de
494 1927 566 2002 quo
583 1901 627 1976 ad
645 1902 750 1975 virum
770 1902 815 1976 ita
831 1927 971 2000 gravem
989 1902 1142 1977 scribere

286 2018 406 2116 possit.
434 2021 470 2091 ln
497 2017 568 2092 aliis
595 2042 707 2092 rursus
732 2017 851 2091 litteris
874 2018 1036 2092 Damiani
1062 2043 1140 2091 sen·

285 2133 427 2207 tentiam
446 2133 631 2231 impugnat,
652 2133 794 2206 seminas
812 2133 920 2207 multo
933 2158 1037 2231 quarn
1052 2133 1142 2207 viros

285 2248 508 2348 loquaciores
532 2273 620 2338 esse,
644 2264 885 2345 contraquam
904 2246 1141 2322 demonstrare

286 2381 441 2454 conatur,
468 2363 611 2437 seminas
636 2388 705 2437 non
731 2363 953 2461 loquacitate,
980 2362 1043 2437 sed
1061 2389 1143 2438 vera

285 2480 486 2577 eloquentia
510 2497 547 2553 et
571 2478 731 2553 omnibus
751 2478 824 2552 aliis
850 2478 1027 2553 virtutibus
1052 2504 1141 2576 prae·

285 2613 387 2670 stare.
409 2595 574 2694 Denique
594 2594 800 2668 Damianum
823 2593 868 2668 de
895 2611 1005 2668 morte
1033 2593 1141 2669 fratris

285 2726 323 2784 et
333 2710 446 2785 liliolae
460 2712 658 2784 consolatur
671 2707 714 2805 (V
715 2708 848 2799 enetiiS,
863 2712 909 2782 X.
922 2712 1016 2808 Sept.
1039 2709 1141 2808 1438)

285 2842 322 2899 et
347 2825 515 2922 exemplis
532 2850 576 2898 ex
593 2824 816 2922 scriptoribus
841 2824 1088 2899 ecclesiasticis
1105 2841 1142 2899 et

284 2966 329 3015 ex
360 2940 537 3015 Cicerone
567 2939 709 3037 sumptis
739 2940 864 3036 probat
890 2957 1044 3013 mortuos
1071 2965 1140 3014 non

285 3056 392 3155 magis
402 3081 504 3155 quarn
519 3055 576 3153 qui
591 3054 658 3128 vita
671 3052 785 3128 adhuc
803 3055 954 3128 fruantur
967 3053 1140 3129 dolendos

284 3197 374 3262 esse,
393 3197 462 3271 qua
478 3170 524 3245 de
542 3195 647 3245 causa
663 3195 701 3244 se
720 3170 890 3244 immerito
916 3195 937 3244 a
964 3170 1139 3245 Damiano

284 3287 467 3386 vituperari
497 3286 593 3377 dicit,
620 3283 716 3383 quod
752 3310 832 3359 eum
867 3287 1002 3359 hortata
1027 3286 1080 3377 sit,
1103 3303 1139 3359 ut

284 3428 421 3478 suorum
436 3420 582 3477 mortem
600 3426 739 3499 semper
755 3398 886 3474 deflere
904 3400 1087 3476 desineret.

335 3521 475 3593 Ineunte
489 3543 579 3592 anno
599 3543 681 3613 1441
704 3518 883 3615 Nogarola
896 3515 1139 3591 familiaVero-

285 3657 595 3709 namreversaesse
613 3630 756 3706 videtur.
777 3632 870 3705 Cum
889 3631 979 3705 enim
996 3631 1139 3705 Damia-

284 3776 348 3825 nus
367 3754 500 3848 Burgus
513 3748 631 3823 litteris
645 3745 702 3821 die
725 3749 824 3819 XIX.
849 3746 975 3820 mensis
997 3746 1137 3820 lanuarii

283 3891 314 3940 a
342 3890 424 3960 ¹441
448 3863 493 3938 ad
511 3867 635 3938 lsotam
653 3862 788 3960 scriptis
805 3861 926 3934 iterum
945 3877 980 3935 ut
998 3859 1137 3935 tandem

284 3981 317 4054 in
337 3980 478 4078 patriam
497 3977 703 4052 recederent
720 4001 784 4050 eos
802 3979 955 4050 hortatus
976 3991 1079 4066 esset,
1103 3992 1138 4048 et
