2850 4694
555 590 609 658 ¹59

151 761 203 818 tus
221 761 326 842 atque
344 746 534 821 humanitas
551 764 663 821 vestra
689 747 907 845 praedicetur,
931 766 1001 823 tum

151 860 297 934 maxime
327 861 486 935 dominus
517 863 648 937 Tobias
676 866 808 963 Burgus
834 881 870 938 et
899 864 1001 939 vestri

149 976 397 1051 amantissimus
431 993 466 1050 et
501 978 580 1051 milri
623 979 860 1083 amicissimus
884 982 1001 1054 harum

150 1116 260 1165 rerum
279 1092 485 1167 clarissimus
508 1093 603 1167 testis
629 1094 750 1167 extitit.
783 1098 814 1168 ls
831 1121 909 1169 cum
928 1095 1002 1169 die-

150 1209 212 1281 bus
229 1209 355 1306 elapsis
372 1210 465 1306 apud
492 1234 555 1283 nos
582 1227 769 1283 moraretur
796 1227 901 1308 atque
931 1213 1001 1285 cla·
1033 1247 1043 1300 ς

149 1324 352 1398 rissimarum
367 1325 567 1400 seminarum
586 1327 728 1423 gloriam
743 1352 845 1424 quam
860 1326 1001 1400 dicendi

148 1441 262 1515 studio
279 1459 481 1516 consecutae
498 1458 575 1514 sunt
593 1442 758 1516 memoria
775 1445 1001 1534 volveremus,

147 1557 191 1630 ad
210 1582 272 1630 vos
290 1574 462 1654 tamquam
481 1557 525 1631 ad
547 1556 717 1654 singulare
744 1556 873 1631 illarum
892 1557 1001 1631 decus

146 1691 251 1771 atque
277 1690 513 1748 ornamentum
532 1673 681 1747 devenit.
707 1674 757 1746 Ex
783 1700 855 1772 quo
873 1691 1002 1772 quanta

146 1793 267 1863 vestra
288 1789 331 1863 sit
348 1788 463 1879 virtus,
487 1788 687 1879 humanitas,
716 1788 901 1886 integritas,
927 1791 1000 1863 elo·
1016 1824 1046 1862 ιο

147 1907 298 2003 quentia,
329 1905 490 1979 facillime
516 1903 683 2002 cognovi3
716 1906 820 1977 multa
845 1903 935 1976 enim
954 1903 1000 1977 de

146 2023 337 2122 prudentia,
358 2025 549 2110 honestate,
573 2020 743 2094 modestia
767 2044 898 2093 summa
920 2044 998 2093 cum

145 2141 246 2216 laude
289 2139 442 2215 narravit.
492 2138 631 2240 Quibus
676 2137 791 2210 verbis
831 2161 1000 2211 accensus

144 2256 318 2333 scribendi
344 2254 518 2331 desiderio
545 2253 682 2327 minime
709 2252 867 2326 resistere
889 2254 996 2351 potui.

146 2379 268 2477 Quare
294 2373 320 2447 si
348 2372 431 2470 quid
458 2371 585 2444 inculte
612 2368 838 2467 inornateque
868 2370 997 2443 dictum
1014 2402 1040 2453 ις

146 2491 255 2577 inerit,
274 2489 386 2562 virtuti
417 2503 540 2561 vestrae
562 2485 677 2583 potius
695 2510 797 2583 quam
817 2485 896 2558 milri
914 2487 998 2560 assi·

144 2607 301 2705 gnabitis.
329 2605 442 2679 Satius
467 2604 630 2701 prolecto
649 2628 717 2676 non
735 2601 826 2686 adeo
852 2626 997 2699 compo·

143 2724 208 2798 site
225 2721 412 2797 dicendum
430 2718 630 2809 existimavi,
652 2743 755 2816 quam
781 2733 944 2815 quantum
964 2717 997 2790 in

145 2863 201 2913 me
233 2838 332 2913 vobis
366 2837 487 2935 dignas
520 2833 639 2909 laudes
672 2833 867 2908 attribuere.
905 2834 997 2935 Quis

192 3084 224 3149 (ι)
241 3087 329 3148 atqueJl
346 3098 377 3134 ac
393 3085 430 3133 Μ.
473 3083 507 3147 (a)
524 3083 625 3132 thobias
642 3082 699 3131 CG.
734 3083 852 3131 nostrii'.
882 3081 995 3144 (namn-

144 3166 255 3215 tissimus
281 3166 308 3212 V.
350 3165 384 3227 (4)
410 3164 502 3212 existit.
523 3163 578 3211 Hiis
596 3163 629 3212 G·
673 3162 705 3225 ll)
722 3170 783 3222 aput
801 3163 864 3211 GM.
898 3175 945 3210 vos
965 3163 992 3209 V.

145 3244 178 3307 (7)
189 3253 338 3295 cumsecute
349 3247 376 3292 V.
411 3252 468 3292 sunt
484 3257 530 3292 om.
554 3244 580 3290 V.
615 3241 649 3304 (8)
664 3241 696 3290 ad
711 3243 767 3305 post
781 3251 875 3303 tumqu.
894 3255 939 3290 om.
959 3242 992 3291 G.

144 3324 360 3389 (roisintCante
376 3337 433 3373 corr.
468 3324 560 3386 integr.
587 3330 612 3370 et
630 3323 663 3369 el.
682 3322 711 3370 C.
746 3319 795 3383 (ιι)
815 3321 992 3371 iacilimeCM.

144 3403 193 3468 (¹⁴)
211 3419 243 3452 rn.
264 3404 392 3453 desistere
409 3404 463 3453 CV.
498 3402 547 3466 (15)
559 3403 753 3461 inornatumque
767 3403 805 3450 Μ.
840 3401 889 3463 (ιό)
901 3402 993 3451 virtute

145 3485 236 3545 pocius
252 3492 337 3533 vestre
355 3486 392 3534 Μ.
437 3483 541 3543 vestre]
558 3483 623 3531 inest
639 3483 669 3531 C.
704 3481 753 3542 (18)
770 3481 855 3542 quam]
872 3481 943 3541 quod
961 3482 991 3537 C,

146 3565 265 3627 quoniam
276 3565 304 3627 (ἓ)
319 3566 356 3614 Μ.
389 3563 438 3628 (19)
454 3564 562 3629 dignitas
581 3564 608 3612 V.
636 3565 651 3612 l.
664 3575 715 3612 non
730 3570 787 3611 nttr.
802 3562 835 3611 G.
871 3562 946 3611 atrib.
963 3563 991 3612 V.
