2850 4694
673 543 716 594 cv

153 752 157 764 ‚
267 703 389 754 «Strenue
398 702 544 753 veneziene
553 715 604 767 per
615 703 674 768 1865
690 709 784 766 questo
794 715 876 754 enno»
887 710 913 753 et
930 703 978 753 iem
989 702 1078 754 Weiss
1095 703 1119 753 in

269 782 438 848 «Biogrspbie
451 783 626 833 Universeiie·
645 783 759 847 (Parisiis
777 782 855 845 1826),
866 783 889 832 in
907 784 980 834 cuius
992 797 1057 834 nove
1067 785 1122 835 edi-

265 864 335 914 tione
359 864 503 913 chuveiie
528 863 683 927 Biogrupbie
709 863 885 913 Universeiier
913 864 1027 927 (Parisiis
1051 863 1120 928 1853)

266 945 334 994 isote
357 944 426 993 circs
448 957 472 993 s.
493 956 554 1004 ¹⁴²⁰
570 951 628 993 nete
642 956 703 993 esse
720 942 880 1006 perhibetur.
900 943 968 993 Certi
985 944 1079 1007 (storin
1094 944 1121 994 di

265 1025 369 1074 verone
389 1024 431 1073 Vi.
458 1037 484 1087 p.
503 1024 558 1088 ²⁶3)
575 1037 632 1073 cem
655 1038 679 1073 s.
701 1024 761 1084 ι4ο8
777 1033 859 1073 nstsm
876 1037 936 1073 csse
953 1025 1027 1074 nuliis
1044 1025 1119 1074 rstio

265 1104 340 1154 nibus
355 1103 436 1154 siletis
454 1103 542 1164 refert,
564 1116 642 1166 quem
657 1117 707 1154 non
730 1105 835 1153 muitum
857 1115 873 1152 e
897 1117 961 1153 vero
984 1104 1121 1154 aberrasse

265 1183 376 1233 Gesseris
392 1183 535 1233 Cevsttonii
552 1191 608 1234 eret
623 1184 759 1234 sententis.

316 1257 341 1297 ²⁸
356 1263 441 1313 Huius
465 1264 587 1313 cretionis
611 1264 700 1314 unicus
725 1271 753 1313 ut
768 1263 871 1313 videtur
889 1262 975 1314 codex
998 1269 1117 1326 sutogm·

265 1344 340 1406 pinus,
363 1344 407 1407 qui
432 1344 491 1394 oiim
516 1344 630 1394 Veronae
646 1344 670 1393 in
688 1343 850 1393 Bibliotheca
863 1343 1024 1394 seibentisns
1038 1355 1122 1392 usser-

265 1423 380 1482 vcbetur‚
400 1436 485 1486 nuper
501 1437 550 1473 uns
566 1436 625 1474 cum
639 1424 723 1473 muitis
738 1424 795 1473 siiis
807 1423 976 1474 Bibliotheca
991 1423 1122 1472 Asbburn·

266 1504 392 1552 hamensis
415 1501 551 1553 codicibus
575 1504 599 1552 in
626 1503 719 1552 tioium
742 1516 863 1552 reversus
879 1511 927 1553 est.
946 1502 1013 1553 vide
1029 1502 1121 1552 tibrum
1147 1538 1152 1548 .

266 1583 310 1644 qui
338 1582 501 1633 inscribitur:
529 1583 685 1633 rReiszione
712 1583 760 1632 elis
787 1596 889 1633 umere
911 1582 955 1633 dei
971 1583 1121 1645 deputatio

265 1663 374 1727 disegno
390 1663 416 1713 di
432 1664 507 1727 legge
522 1678 571 1726 per
587 1663 723 1725 t'ecquisto
739 1663 765 1713 di
782 1662 867 1714 codici
883 1663 1061 1727 eppemenenti
1073 1666 1121 1714 stis

266 1743 405 1794 bibliotecs
431 1744 610 1793 Ashburnbem
637 1743 753 1794 descritti
781 1744 839 1793 netl’
858 1756 969 1794 unnesso
993 1746 1119 1807 ostulogo.

267 1825 357 1884 Rome,
379 1823 451 1883 1884·
470 1837 496 1886 p.
521 1826 549 1873 1⁶
574 1826 633 1874 ioco
649 1824 751 1874 cxii:
767 1824 918 1874 «leonardus
938 1825 967 1875 dc
987 1823 1119 1888 Rogamus,

266 1904 300 1953 de
329 1906 426 1954 Rerum
452 1904 655 1966 Quidditetibus,
684 1903 719 1954 de
747 1905 934 1955 immortalitate
960 1905 1065 1966 Anime,
1095 1911 1121 1954 et

269 1983 353 2034 Oratio
367 1983 403 2033 ad
422 1983 554 2034 Vicutiincs
567 1989 612 2048 pro
630 1983 772 2034 Omnidonc.
791 1984 859 2034 Ccd.
878 1992 940 2035 cert.
959 1985 983 2033 in
1001 1984 1063 2035 totto
1076 1984 1120 2033 dei

266 2063 323 2111 xv.
341 2065 440 2113 secolo.
458 2063 625 2127 Autogruio.»

319 2148 343 2188 η
359 2143 466 2193 «Oratio
490 2143 605 2193 funebris
629 2157 678 2207 pro
701 2142 840 2193 ctsrtmims
855 2142 959 2193 donnino
975 2143 1121 2193 Elisabetbr

265 2222 300 2272 de
333 2223 481 2286 Nogtrolis‚
515 2236 595 2273 uxore
622 2223 753 2273 clarissimi
780 2223 911 2284 equestris
938 2223 1042 2273 ordinis·
1073 2223 1118 2272 viri

266 2302 361 2352 domini
379 2303 464 2354 iacobi
476 2302 511 2352 de
521 2302 629 2353 Thienis
645 2302 715 2352 editt
731 2303 764 2352 eb
781 2302 931 2353 Omnibono
949 2304 1117 2354 Leonicensi»

267 2389 335 2431 extit
359 2383 383 2431 in
407 2382 501 2433 codice
524 2383 719 2433 vindobonensi
747 2395 814 2443 3330,
836 2397 868 2433 ex
882 2384 995 2445 quoiam
1013 2385 1120 2434 ioannes

266 2461 368 2513 Andres
392 2463 416 2511 in
441 2463 568 2527 Cetslogo
585 2463 713 2513 Codicum
730 2465 774 2526 qui
792 2465 815 2513 in
832 2464 993 2514 Bibliotheca
1011 2465 1120 2515 Mercbi·

267 2556 344 2592 onum
369 2543 489 2606 Cepiiupi
509 2552 672 2593 asserventur
693 2543 829 2609 (Ceuslogo
851 2543 893 2593 de'
919 2544 1012 2594 Codici
1035 2558 1120 2594 meno·

266 2623 346 2672 scritti
370 2622 439 2672 delle
458 2624 577 2686 Remigiis
593 2624 712 2686 Cepitupi
729 2623 755 2673 di
774 2626 894 2675 Mentore
909 2624 1034 2674 iliustrsto
1049 2623 1121 2674 deii'·

266 2703 343 2751 ebete
367 2703 427 2753 Don
453 2702 577 2755 Giovsnni
601 2702 710 2753 Andres.
738 2705 858 2754 Mentous
877 2704 945 2768 1797)
962 2711 1120 2764 enotsveret,

266 2795 321 2843 quc
342 2781 421 2845 magis
442 2782 525 2832 mirari
547 2795 692 2844 possumus,
709 2783 782 2845 quod
800 2785 855 2834 bec
871 2784 955 2835 cretio
970 2784 1121 2835 novissimos

266 2863 416 2925 scriptores,
430 2863 474 2925 qui
490 2862 526 2912 de
543 2862 692 2913 Omnibonc
709 2863 862 2913 Leonicensi
878 2864 1041 2914 commentuti
1051 2873 1118 2924 sunt,

268 2941 430 2992 Franciscum
446 2943 576 3006 spsmoto
592 2942 694 3006 (Eiogio
705 2943 731 2993 di
743 2943 881 3007 Ognibene
893 2944 1049 3004 Leontem,
1062 2945 1121 2992 Vin·

267 3022 359 3071 centio
385 3023 454 3086 18⁶8)
478 3036 555 3085 reque
579 3036 611 3074 ec
635 3024 778 3087 Remigium
800 3024 936 3074 Ssbbsdini
953 3025 1070 3084 (Lettere
1086 3025 1121 3074 in·

268 3101 339 3152 edite
369 3102 395 3152 di
428 3103 566 3168 Ognibene
597 3103 631 3154 de
663 3104 763 3168 Lonigo
792 3117 842 3155 con
875 3119 924 3155 uns
955 3105 1036 3154 breve
1062 3105 1121 3154 Bic-

268 3184 353 3246 gretie.
386 3185 486 3249 Lonigo
519 3184 588 3248 ruso)
613 3185 691 3235 tatuit.
725 3187 791 3235 Sero
821 3187 936 3249 comperi
962 3187 1027 3236 benc
1056 3199 1121 3249 quo·

266 3276 320 3325 que
345 3266 489 3315 ontionem
521 3265 545 3315 in
579 3264 765 3316 Additamentis
789 3266 864 3315 huius
892 3266 1122 3326 commentationis,

268 3356 328 3406 que
352 3345 485 3408 Remigius
508 3344 645 3396 Sebbsdini
680 3345 743 3395 sctis
774 3344 928 3407 quibusdem
962 3345 1060 3395 diurnis
1087 3347 1121 3394 in·

268 3424 358 3484 seruit,
382 3426 585 3475 commemorsri.
608 3426 651 3473 De
675 3425 753 3475 nobili
776 3416 901 3475 Tutemet
925 3425 1015 3475 semitis
1039 3439 1121 3488 ptucs

269 3504 388 3565 quoedmn
415 3507 534 3568 leguntur
560 3505 629 3568 spud
657 3505 821 3554 Tomssinum
845 3506 868 3554 in
897 3505 991 3568 Eiossiis
1015 3507 1122 3569 (Petevii
