2850 4694
680 589 718 638 [Χ

272 748 386 824 litibus
402 748 448 824 ad
464 773 543 824 eum
561 749 709 840 miserat,
737 748 902 841 exoravit,
929 766 965 824 ut
989 747 1127 824 lratrum

273 862 465 939 discordias
498 863 648 954 sedaret,
681 880 718 937 et
751 864 903 961 inprimis
932 888 977 938 ne
1011 863 1044 936 in
1078 863 1129 937 ius

274 1004 329 1054 res
358 997 539 1055 vocaretur
575 979 800 1070 obniteretur,
822 1003 900 1053 nam
926 979 1069 1053 simulac
1095 977 1127 1050 in

274 1095 325 1170 ius
349 1095 465 1170 vocati
490 1111 618 1185 essent,
643 1094 759 1168 omnia
785 1095 863 1169 iuris
892 1096 1127 1169 consultorum

272 1210 413 1286 arbitrio
430 1234 508 1285 esse
532 1208 698 1307 gerenda,
728 1209 786 1307 qui
811 1234 950 1284 suorum
977 1209 1128 1306 ipsorum

274 1328 389 1426 potius
406 1351 509 1424 quam
523 1325 723 1424 litigantium
737 1325 928 1401 commodo
942 1325 1129 1400 consulturi

274 1460 400 1518 essent
417 1442 503 1516 Etsi
522 1444 615 1517 nullo
628 1441 697 1516 alio
711 1440 818 1517 modo
828 1442 905 1516 lites
913 1465 1129 1538 componere

275 1575 406 1656 posset,
425 1556 540 1655 potius
557 1580 619 1632 sua
636 1556 813 1654 proderet,
832 1574 869 1631 ut
886 1557 1024 1632 fratrum
1042 1557 1129 1631 cari·

274 1691 379 1749 tatem
396 1688 559 1761 servaret,
579 1696 646 1747 nec
663 1688 854 1771 egestatem
877 1673 1023 1764 timeret,
1041 1697 1130 1770 que

276 1790 365 1864 niam
382 1788 470 1863 deus
488 1813 556 1861 non
575 1787 754 1862 relicturus
771 1806 865 1863 esset
881 1788 914 1862 in
932 1813 971 1863 se
987 1814 1130 1887 speran-

276 1921 339 1979 tes.
360 1902 516 1977 Omnino
533 1919 649 1976 autem
662 1920 815 1992 caveret,
833 1926 878 1977 ne
895 1902 940 1978 ad
957 1926 1079 1978 causas
1096 1903 1128 1976 in

277 2018 408 2093 medias
425 2020 631 2116 populorum
650 2019 766 2093 turbas
787 2021 988 2106 traheretur,
1006 2019 1130 2094 namsi

278 2133 446 2233 neglectis
470 2133 679 2222 caelestibus,
704 2133 879 2209 derelictis
903 2134 1059 2232 supernis
1084 2135 1130 2208 ad

277 2249 450 2325 terrestria
473 2273 513 2324 se
538 2249 775 2339 convertisset,
806 2250 952 2324 laturum
987 2274 1065 2325 esse
1095 2267 1131 2325 ut

277 2390 338 2440 sua
363 2364 542 2440 admiratio
568 2365 768 2463 longissimo
788 2366 909 2441 labore
926 2383 1024 2463 parta
1039 2365 1131 2441 deri·

278 2479 417 2555 deretur
435 2497 541 2578 utque
557 2504 680 2554 omnes
697 2480 847 2571 feminae,
865 2506 945 2578 quae
962 2505 1039 2555 eam
1058 2480 1130 2554 imi·

278 2596 340 2671 tari
366 2620 436 2670 non
462 2594 665 2692 potuissent,
683 2594 716 2668 ei
734 2593 991 2673 maledicerent
1019 2595 1130 2696 Quod

278 2711 458 2786 consilium
485 2736 564 2785 num
591 2713 682 2785 lsota
698 2726 820 2785 secuta
840 2711 883 2787 sit
908 2735 1027 2810 parum
1044 2735 1131 2785 con·

278 2844 355 2918 stat,
386 2850 453 2901 nec
486 2843 600 2901 tamen
631 2843 667 2900 ut
692 2825 726 2900 id
756 2843 959 2924 sequeretur
984 2851 1131 2902 necesse

278 2943 406 3017 sactum
424 2941 655 3032 essevidetur,
665 2965 745 3016 cum
755 2942 925 3017 sententia
933 2941 1060 3017 arbitrii
1073 2941 1131 3016 die

278 3059 372 3131 xvl.
388 3057 514 3133 mensis
526 3057 697 3132 Octobris
709 3081 740 3130 a.
762 3077 847 3159 1453
869 3060 937 3132 lata
945 3067 972 3115 ⁷¹
988 3073 1131 3133 matrem

278 3192 315 3249 et
348 3198 502 3250 sororem
537 3173 721 3272 piissimam
751 3191 873 3248 contra
902 3174 1040 3247 lratrum
1069 3197 1131 3248 cu·

279 3290 456 3388 piditatem
492 3290 538 3364 ita
562 3289 761 3365 defendisse
791 3288 957 3381 videatur,
985 3307 1021 3364 ut
1046 3315 1131 3364 nun-

279 3429 383 3503 quam
400 3423 524 3503 postea
540 3408 626 3480 tales
651 3405 729 3479 lites
753 3405 805 3480 eis
822 3405 986 3480 timendae
1002 3422 1129 3479 essent.

280 3523 317 3594 ln
346 3520 485 3618 reliquis
505 3520 596 3595 enim
623 3520 811 3597 Fuscareni
836 3520 955 3595 litteris
980 3536 1132 3597 exeunte
