2850 4694
650 636 748 679 ΟΧΧΙΧ

264 792 288 838 in
315 786 409 837 eodem
425 785 517 837 codice
533 785 647 837 Andreae
663 786 791 837 contrarii
808 796 893 837 extant
909 789 1001 839 littere
1017 788 1050 838 ad
1074 791 1122 839 Iso

264 871 315 918 lent
326 866 478 931 Nogamtam.
492 881 542 917 non
558 866 591 916 ad
608 863 711 917 Matflt·
728 868 815 917 notam
831 869 941 931 scripte.

319 943 344 992 ⁵⁶
367 948 447 999 Periit
468 951 510 998 vel
535 948 624 999 nescio
649 948 691 997 ubi
709 950 770 998 lutet
786 948 871 998 codex
887 949 1070 1009 Scibantienus,
1088 948 1122 998 de

264 1044 319 1092 quo
344 1031 400 1078 hac
422 1028 492 1091 opud
517 1028 662 1091 Scipionem
691 1029 777 1079 Madei
805 1029 828 1078 in
861 1030 965 1079 verone
996 1031 1121 1078 lllnstrata

265 1113 297 1170 ll,
316 1122 353 1158 ιιι.
373 1123 398 1171 p.
411 1110 443 1166 96
459 1110 596 1172 leguntur:
615 1111 648 1158 all
666 1110 716 1158 Μι.
734 1109 916 1171 718elquonte
934 1123 983 1171 pur
999 1122 1031 1157 ne
1052 1105 1120 1157 hedi

265 1191 298 1241 lei
314 1204 331 1240 ι
345 1189 470 1239 Demiano
488 1190 582 1253 Borgo,
596 1189 646 1239 cdi
654 1191 735 1254 questo
745 1203 761 1238 a
773 1187 825 1239 icit.
838 1189 1024 1238 scibantianum
1035 1195 1121 1237 eutem

264 1265 382 1316 codicem
405 1268 473 1328 dico,
497 1282 651 1332 quamquam
669 1268 767 1319 codicis
783 1269 826 1331 qui
852 1269 876 1317 in
895 1268 1055 1317 Bibliotheca
1072 1269 1120 1317 Be·

264 1347 437 1409 vinequarun
459 1349 640 1399 asservabatur
665 1349 760 1399 mentio
785 1346 918 1411 precedit,
936 1361 994 1398 cum
1010 1347 1121 1409 alioquin

264 1425 349 1477 codex
371 1428 546 1479 Saibentienus
569 1429 702 1492 (nusquam
726 1428 793 1479 Cod.
819 1427 910 1490 Bevil.)
935 1442 1043 1478 numero
1075 1428 1122 1488 718

265 1517 367 1559 notatus
383 1509 535 1572 frequenter
549 1509 618 1573 apud
636 1510 766 1559 Matreium
783 1518 903 1560 occurrat
919 1518 947 1559 ct
963 1510 1018 1573 ipse
1034 1509 1121 1558 Mnffei

265 1603 291 1652 p.
314 1590 345 1650 48
369 1591 425 1640 hec
441 1588 475 1639 de
498 1604 547 1640 eoo
564 1588 670 1640 codices
687 1589 778 1640 citandi
793 1604 865 1640 more
882 1589 965 1640 dicat:
994 1593 1121 1639 «Avverto

264 1684 501 1734 onocrocolon,
519 1684 595 1721 come
611 1671 715 1732 quando
731 1672 813 1721 citero
829 1671 888 1720 testi
912 1685 928 1720 a
950 1684 1034 1733 penne
1050 1671 1118 1718 senz'

263 1751 330 1800 eltro
344 1749 469 1801 indicente
486 1753 535 1802 ene
552 1749 595 1801 del
612 1764 727 1808 numero,
745 1749 881 1800 intendero
897 1750 940 1800 dei
957 1750 1061 1800 raccolti
1079 1749 1120 1799 dal

266 1831 352 1881 Nobil.
377 1832 445 1896 Siga.
466 1832 590 1883 Giovanni
613 1832 756 1881 Saibenter.
784 1832 863 1881 Etiam
886 1832 910 1880 in
930 1830 1023 1881 codice
1048 1830 1121 1880 Bevi·

264 1913 394 1975 hequemi
411 1912 496 1962 XXV.
510 1913 641 1962 nonnullas
658 1913 772 1962 Damieni
788 1913 821 1962 ad
840 1914 931 1962 lsotam
944 1913 1040 1962 litteras
1059 1912 1120 1962 exti-

264 1992 326 2042 tiase
337 1991 446 2042 lortaaae
463 2006 495 2042 ex
507 1992 545 2042 liis
560 1992 686 2055 Scipionis
703 1993 790 2042 Mallei
804 1993 891 2042 verbis
907 1992 933 2057 (l.
952 1991 980 2055 l.)
997 1993 1120 2056 colliges:

267 2073 300 2121 ill
312 2073 467 2136 Bevilecqua
483 2087 521 2122 nr.
535 2083 562 2136 ις
576 2072 592 2123 e
604 2080 671 2122 tutto
687 2081 824 2136 comporto
840 2072 865 2122 di
881 2075 992 2137 epistole
1006 2088 1053 2123 sue
1071 2088 1088 2123 ο
1105 2088 1120 2122 ι

265 2151 411 2203 leidirette.
423 2154 578 2216 Propostee
594 2154 705 2217 risposte
722 2154 744 2204 ci
761 2155 781 2203 si
797 2167 917 2219 veggono
933 2153 977 2203 dcl
994 2153 1118 2213 Gemino,

266 2231 291 2282 di
308 2232 450 2285 Gerolamo
476 2233 589 2293 Gummi,
613 2232 638 2282 di
662 2234 748 2283 Tobin
764 2247 780 2282 e
796 2231 821 2282 di
839 2233 965 2283 Damt'nno
978 2232 1076 2297 Borghi,
1094 2232 1119 2282 di

266 2312 400 2365 lodovico
424 2312 563 2373 cendrata‚
581 2312 606 2362 di
624 2311 718 2363 Nicold
734 2312 857 2372 Veniero,
877 2312 903 2361 di
921 2310 1015 2362 Nicold
1033 2313 1119 2363 Barbo

265 2394 300 2457 (io
322 2394 388 2442 nitro
410 2391 503 2442 codice
530 2391 678 2443 d'Ermolao
704 2393 836 2457 Barbam),
855 2392 899 2442 del
921 2392 1041 2442 cardinal
1058 2392 1120 2442 Giu-

265 2474 340 2535 llano‚
358 2474 465 2523 clr'avea
481 2472 625 2536 preseduto
641 2475 664 2523 al
682 2473 800 2524 Concilio
816 2471 841 2522 di
861 2473 961 2522 Basilea
977 2486 992 2521 e
1009 2471 1117 2522 d'altri.»

265 2553 319 2606 Sed
341 2567 399 2603 com
424 2554 464 2605 hic
486 2553 570 2604 codex
597 2553 713 2603 eiusdem
730 2554 833 2618 generis
855 2566 886 2603 ac
902 2552 1117 2611 Vindobonensia,

266 2634 468 2685 Veronensiset
490 2634 626 2684 Veticonur
647 2647 706 2684 esse
734 2633 858 2694 videntur,
886 2633 1015 2683 Metleium
1039 2634 1119 2684 minua

264 2722 386 2765 accurate
402 2714 516 2762 locutum
530 2726 590 2762 esae
605 2722 714 2776 apparet
730 2727 815 2776 neque
829 2711 922 2763 Codex
934 2713 1118 2775 Bevilacqnen·

266 2794 301 2844 aia
318 2796 381 2844 uuas
396 2793 484 2843 habuit
500 2793 631 2842 Hermolai
649 2794 762 2854 Barberi,
782 2794 868 2843 lulleni
885 2793 1001 2844 Cesarini
1018 2801 1044 2842 et
1068 2795 1119 2843 De·

265 2876 338 2925 miani
367 2876 444 2940 Burgi
467 2877 563 2926 litteras
582 2871 616 2924 nd
634 2877 725 2924 lsotam
741 2874 857 2937 scriptas.
877 2874 945 2923 Num
963 2874 1118 2923 Hermolaus

266 2955 394 3006 Barbarua
418 2964 444 3006 et
469 2954 610 3006 Cerdlnelis
637 2955 746 3004 lulianus
768 2955 844 3004 lsotre
858 2953 948 3003 litteris
962 2954 1064 3003 omnino
1079 2968 1119 3004 re·

265 3035 425 3099 spondet-inl,
446 3034 520 3085 valde
537 3034 628 3084 dubito
650 3043 677 3084 et
693 3033 765 3097 quod
791 3035 820 3084 Β.
839 3034 939 3086 Gemba
954 3035 978 3083 in
996 3035 1119 3084 «Strenna

265 3116 410 3166 Veneriano
429 3117 472 3180 pel
491 3116 548 3178 1865
561 3129 628 3165 enno
644 3123 751 3178 quarto·
767 3129 824 3164 eam
840 3115 873 3164 ab
890 3115 1032 3164 Hermolao
1058 3115 1117 3163 Βιι·

266 3199 330 3247 baro
352 3195 477 3247 laudatam
494 3208 553 3246 ease
576 3195 636 3246 dicit
659 3194 790 3259 (rorando
813 3196 932 3246 encomio
954 3195 979 3245 di
1005 3196 1037 3244 lei
1059 3196 1117 3245 lece

266 3278 385 3327 anenno
397 3277 537 3339 Barbaroa)
548 3285 647 3326 temere
664 3275 756 3326 dixisse
773 3275 882 3325 videtur.
900 3276 967 3325 Sane
983 3283 1051 3324 teste
1069 3276 1118 3324 Lu·

264 3357 360 3408 dorico
382 3357 530 3407 Fuscareno
553 3356 576 3405 in
599 3356 689 3406 litteris
712 3371 735 3405 e
765 3368 822 3418 ¹⁴5³
848 3354 880 3404 ad
902 3358 994 3405 lsotam
1017 3355 1118 3418 scriptis

265 3437 433 3489 Coeaarienaio
459 3437 608 3495 Cordinalia‚
642 3437 686 3498 qui
713 3435 781 3485 idern
807 3449 838 3485 ac
865 3435 974 3485 lulianus
1001 3435 1117 3484 Ceserini

266 3514 409 3568 cardinalia
432 3529 491 3565 ease
514 3515 623 3575 videtur,
648 3515 704 3564 nihil
727 3516 751 3564 in
771 3514 890 3563 universo
905 3527 954 3563 suo
971 3513 1117 3577 longissimo

264 3597 357 3648 itinere
381 3597 450 3647 lacta
470 3608 518 3647 aua
539 3595 684 3660 cognitione
706 3594 805 3660 dignior
820 3592 939 3644 iudicavit
955 3602 982 3642 et
998 3594 1022 3641 in
1039 3594 1116 3642 lsotro

272 3758 278 3767 .
318 3717 380 3761 lma
393 3715 505 3774 κομι.
518 3716 624 3772 ovaret.
759 3725 763 3736 ·
1002 3701 1009 3748 i
