2850 4694
669 627 718 687 13³

268 776 430 875 imprimis
457 779 569 852 serunt
594 780 772 853 Caesarem
795 779 977 853 animatum
1005 778 1119 868 fuisse,

269 910 304 966 ut
325 897 395 994 Qu.
417 895 587 991 Ligarium
615 919 679 992 pro
705 894 938 967 condemnato
965 895 1120 984 haberet,

268 1027 396 1083 etcum
410 1010 542 1084 Cicero
556 1010 758 1084 defensurus
771 1010 913 1100 veniret,
932 1009 1058 1083 dixisse
1076 1009 1120 1083 ad

267 1125 415 1199 amicos:
444 1151 540 1220 reum
558 1126 698 1223 quidem
717 1126 867 1200 damnari
895 1125 1119 1199 certissimum

267 1258 330 1330 est,
342 1241 422 1313 nihil
442 1259 554 1315 tamen
573 1242 734 1338 prohibet
752 1241 964 1315 Ciceronem
982 1239 1119 1327 audire;
1153 1266 1163 1317 t

267 1355 407 1430 dicente
434 1357 550 1453 itaque
576 1357 753 1431 Cicerone
783 1357 1046 1454 prudentissima
1070 1373 1121 1430 at·

266 1497 336 1568 que
366 1472 643 1546 artificiosissima
676 1473 749 1545 eius
784 1473 895 1546 oratio
930 1489 998 1546 tam
1029 1473 1120 1546 varie

266 1589 413 1661 animum
442 1606 662 1686 mentemque
680 1589 806 1678 affecit,
827 1606 862 1662 ut
879 1614 975 1686 saepe
992 1591 1120 1662 vultum

266 1705 492 1800 coloremque
506 1721 651 1778 mutaret
668 1704 849 1801 ipsumque
858 1721 955 1778 extra
971 1729 1011 1778 se
1028 1705 1121 1802 posi-

267 1836 336 1891 tum
346 1819 442 1915 quasi
454 1836 569 1893 mente
586 1819 769 1894 alienatum
792 1820 964 1911 redderet,
983 1820 1075 1894 adeo
1085 1839 1121 1894 ut
1137 1842 1167 1879 10

266 1951 342 2008 toto
352 1960 502 2032 corpore
511 1960 660 2010 excusso
669 1936 804 2010 libellos
814 1961 903 2033 quos
913 1954 1120 2010 manutene

267 2052 325 2125 bat
337 2052 502 2125 abiceret.
520 2052 617 2126 Missi
636 2076 779 2149 quoque
797 2077 818 2126 a
837 2052 952 2126 Mario
961 2069 997 2125 et
1005 2052 1120 2126 Cinna

313 2297 347 2359 (ι)
364 2299 428 2360 inpr.
453 2300 515 2348 MR.
551 2299 680 2346 Caesarem
705 2311 751 2345 om.
774 2299 801 2345 V.
844 2308 966 2347 armatum
984 2300 1017 2356 G,
1045 2313 1118 2348 orna-

266 2378 428 2440 tumM(sed
443 2378 467 2427 in
479 2392 552 2440 marg.
563 2391 572 2425 :
598 2377 750 2438 animatum),
777 2378 900 2426 animatus
926 2379 956 2426 R.
999 2392 1058 2427 esse
1084 2380 1114 2427 R.

266 2456 347 2518 (ι-ύ)
365 2458 495 2506 Caesarem
512 2470 569 2505 cum
588 2457 714 2518 Ligarium
731 2457 874 2505 damnatum
885 2460 970 2516 veliet,
984 2467 1011 2506 et
1023 2459 1118 2507 Cicero

266 2536 418 2585 defensurus
435 2538 541 2597 veniret,
560 2540 688 2591 devictum
705 2541 790 2598 fuisse,
810 2541 869 2588 iicet
886 2540 917 2589 ad
939 2541 1117 2590 amicosdixis·

265 2624 305 2665 set
327 2631 397 2665 reum
422 2616 534 2666 damnari
562 2620 729 2668 certissimum
755 2634 821 2668 esse.
852 2620 922 2673 Nihil
945 2620 969 2669 id
995 2622 1117 2684 prohibet

267 2697 429 2751 Ciceronem.
457 2698 513 2759 ipso
537 2699 623 2759 itaque
646 2700 748 2748 dicente
772 2699 891 2761 prudent.
917 2702 944 2748 E.
995 2700 1029 2763 (2)
1053 2702 1116 2762 Qui

266 2785 292 2825 et
309 2779 340 2826 R.
375 2778 491 2840 tigurium
510 2779 573 2838 GM,
593 2780 694 2842 ligerius
711 2781 741 2827 R.
776 2779 965 2840 condempnato
984 2780 1044 2839 CM,
1074 2795 1118 2830 co-

266 2856 386 2905 mendato
411 2858 442 2915 R,
470 2856 649 2906 cumdemnato
670 2859 697 2905 V.
740 2857 773 2918 (3)
799 2858 922 2907 defensus
939 2860 976 2917 Μ,
1004 2860 1063 2908 deti.
1084 2862 1115 2908 R.

267 2935 301 2999 (4)
310 2935 440 2997 dampnari
450 2937 534 2995 CMV,
548 2936 653 2999 dapncri
663 2938 693 2996 R,
712 2951 758 2985 om.
771 2939 804 2987 G.
839 2938 873 3000 (ς)
883 2939 975 2987 audies
984 2939 1013 2997 C,
1024 2953 1070 2987 om.
1088 2942 1115 2988 V.

265 3016 300 3077 (ό)
322 3016 417 3065 Cicero
438 3016 467 3065 C.
502 3016 533 3078 (ό.
548 3017 571 3078 7)
590 3019 679 3078 utque]
705 3025 731 3065 et
755 3018 784 3066 C.
814 3016 847 3078 (7)
866 3018 1071 3067 artificioxissimc
1083 3021 1114 3068 R.

266 3097 334 3145 varis
358 3099 386 3153 E,
413 3111 473 3145 vurc
494 3098 521 3144 V.
567 3096 601 3159 (8)
618 3097 692 3146 affert
709 3098 746 3155 M,
765 3096 879 3145 afficeret
897 3098 928 3145 R.
964 3101 1067 3146 muitum
1085 3100 1114 3148 C

265 3173 299 3238 (o)
322 3184 444 3224 mutarem
471 3177 501 3223 R.
544 3177 626 3238 ipsum
645 3177 708 3234 GM,
736 3176 862 3238 ipsimque
879 3178 911 3225 R.
946 3178 1026 3237 extra]
1043 3179 1116 3238 quusi

264 3263 335 3303 extra
364 3257 390 3302 V.
433 3255 483 3318 (to)
509 3257 590 3316 quusi]
617 3265 642 3304 et
659 3258 687 3303 E.
722 3256 866 3317 alienatum]
889 3266 932 3305 sut
950 3266 1063 3305 renatum
1082 3248 1135 3305 ΘΓ

264 3334 549 3397 (ιι)ῑ.ιεωροτοΟΜ.
585 3336 745 3384 excusoRV.
781 3336 914 3385 libeiioM.
950 3336 1117 3399 (11.12)quos

264 3416 289 3463 in
306 3430 378 3465 runnu
397 3416 508 3464 habebat
524 3416 556 3464 R.
602 3413 651 3477 (ιι)
674 3415 797 3463 obiiceret
814 3417 867 3475 ER,
894 3417 1023 3464 abiecerat
1050 3418 1114 3466 GM.

266 3496 351 3544 Missis
378 3496 408 3543 R.
454 3496 521 3544 missi
547 3509 654 3556 quoque
678 3496 791 3544 cumerio
816 3505 841 3543 et
860 3510 933 3544 cuma
956 3497 985 3545 C.
1021 3497 1110 3558 Cinna]

263 3579 293 3623 Α.
313 3576 346 3624 G.
