2850 4694
661 589 734 643 Lm

269 746 419 846 Philippi
434 746 678 846 Bergomensis
691 787 736 800 -
752 762 879 821 tantam
894 771 966 844 prae
978 770 1018 821 se
1031 743 1122 822 fere·

267 865 325 937 bat
355 862 546 938 doctrinam
577 878 777 961 tantumque
812 861 957 937 nitorem
987 879 1024 936 et
1048 864 1122 937 elo·

266 978 454 1076 quantiam,
473 995 636 1077 quantum
655 977 731 1075 quis
752 993 849 1052 certe
874 977 987 1052 verbis
1012 976 1122 1076 expli·

265 1118 347 1168 care
364 1109 495 1193 posset.
514 1093 583 1169 Cui
601 1093 738 1167 semime
764 1109 907 1191 propter
932 1118 1008 1168 eam
1035 1093 1122 1168 doc·

267 1209 387 1284 trinam
397 1225 433 1283 et
442 1208 609 1307 optimum
620 1208 759 1283 dicendi
770 1208 910 1283 modum
921 1234 991 1282 non
1004 1225 1121 1306 potest

266 1323 335 1399 dici
353 1340 516 1422 quantum
543 1323 654 1399 laudis
679 1340 914 1421 quantumque
939 1348 1121 1398 ornamen-

266 1456 336 1515 tum
370 1439 568 1515 accesserit.
597 1440 731 1515 Etenim
763 1440 920 1515 Nicenus
951 1439 1120 1515 Cardina-

265 1556 305 1630 tis
322 1557 483 1646 Graecus,
503 1572 647 1652 utraque
664 1555 778 1653 lingua
807 1557 984 1630 excellens
1008 1555 1121 1653 etqui

266 1671 299 1744 in
333 1670 456 1745 divinis
489 1670 655 1745 doctrinis
681 1670 863 1744 maximum
890 1671 992 1744 etiam
1025 1695 1120 1744 usum

266 1788 428 1878 habebat,
446 1811 489 1861 ea
509 1786 667 1860 oratione
692 1785 808 1860 audita
833 1786 945 1860 statim
972 1785 1121 1883 quadam

264 1902 491 1976 admiratione
509 1918 685 1999 permotus
712 1918 748 1975 ut
772 1925 889 1975 coram
916 1918 1122 2000 agnosceret

265 2042 368 2114 quam
386 2016 620 2092 admirabilem
633 2040 678 2089 ex
692 2016 824 2091 ratione
838 2016 977 2091 dicendi
987 2042 1121 2116 cogno·

265 2150 371 2224 verat,
405 2136 579 2208 Veronam
619 2133 834 2208 contendere
873 2132 1035 2221 νοΙυίῑ;81
1063 2133 1120 2207 vix

265 2249 396 2347 quippe
410 2248 577 2323 credibile
591 2247 770 2323 videbatur
779 2248 911 2322 illorum
926 2265 1120 2346 temporum

265 2364 425 2438 seminam
444 2365 544 2437 ullam
562 2363 713 2454 inveniri,
727 2388 808 2460 quae
821 2379 915 2438 tanta
927 2363 1120 2438 eruditione

265 2495 429 2577 tantaque
446 2477 646 2576 eloquentia
663 2494 852 2576 praestaret.
881 2480 965 2575 Qua
989 2478 1060 2553 visa
1084 2494 1121 2552 et

264 2594 380 2669 audita
393 2596 535 2668 caeleste
549 2593 780 2692 potiusquam
795 2595 977 2667 humanum
992 2593 1119 2668 sactum

266 2709 438 2794 iudicavit,
470 2708 561 2784 unde
590 2733 667 2783 eam
698 2708 730 2781 in
762 2708 842 2805 ipsis
872 2708 1050 2783 virtutibus
1084 2724 1120 2783 et

265 2825 355 2924 ipsas
374 2824 407 2897 in
428 2849 472 2898 ea
496 2823 542 2898 ad
567 2848 724 2921 magnam
750 2822 807 2897 dei
834 2823 970 2898 laudem
997 2823 1119 2921 suique

264 2940 531 3015 aedificationem
549 2939 733 3013 admiratus
751 2955 814 3013 est

313 3060 358 3130 At
375 3055 402 3130 si
421 3081 484 3129 nos
501 3054 610 3144 audis,
638 3056 744 3128 multo
762 3079 865 3152 quam
892 3056 969 3128 htec
994 3052 1118 3143 oratio,

266 3197 346 3270 quae
380 3195 459 3245 cum
495 3171 527 3242 in
561 3186 758 3244 sanctorum
793 3169 940 3243 virorum
967 3169 1119 3243 concilio

265 3286 413 3385 legenda
430 3303 533 3378 esset,
552 3285 671 3385 paucis
688 3301 816 3360 tantum
839 3302 1018 3384 poetarum
1044 3286 1120 3383 plu-

266 3404 357 3477 rimis
391 3428 475 3477 vero
504 3427 614 3477 sacrae
648 3401 828 3499 scripturae
852 3419 888 3474 et
913 3401 1118 3499 scriptorum

265 3518 580 3594 ecclesiasticorum
597 3517 685 3593 locis
703 3541 799 3591 more
816 3542 928 3616 prope
952 3534 1120 3591 centona-
