2850 4694
664 608 721 685 ²⁶9

267 820 329 866 nos
350 820 471 870 omnes
498 796 683 870 clarissime
710 797 804 870 matri
823 814 858 869 et
874 797 1116 894 splendissimo

267 910 357 983 fratri
372 928 407 984 et
421 911 577 985 fratribus
590 936 632 985 ac
647 912 796 1010 inprimis
810 912 1005 986 dulcissime
1019 937 1115 986 com-

267 1026 374 1109 matri,
389 1027 443 1099 cui
468 1027 567 1116 refer,
579 1027 674 1124 quod
694 1053 863 1125 nunquam
883 1029 978 1125 potui
997 1029 1115 1103 sarde·

267 1165 325 1214 nas
351 1144 455 1216 salsas
476 1142 638 1239 reperire,
666 1168 750 1240 quas
776 1144 955 1241 diligenter
972 1144 1113 1240 quesivi.

267 1258 316 1328 Ex
334 1259 472 1330 Verona
489 1258 546 1330 die
564 1261 700 1330 XVllll.
721 1259 862 1332 lanuarii
888 1285 986 1353 ¹44¹·
1148 1280 1156 1327 t

314 1374 727 1448 lstucvenitCamerarius
740 1375 899 1449 sororius.
913 1378 1024 1472 Ipsum
1034 1376 1115 1472 quia

265 1488 297 1560 in
325 1506 414 1562 tuam
433 1515 569 1563 omnem
590 1491 747 1565 familiam
765 1509 801 1564 et
818 1491 1016 1564 affinitatem
1034 1516 1115 1564 vera

264 1621 300 1677 et
316 1604 441 1677 affectu
460 1607 562 1702 plena
575 1606 769 1702 precordia,
780 1606 846 1680 vidi
861 1607 977 1703 capite
992 1607 1024 1679 in
1038 1606 1114 1681 dies

263 1720 460 1815 gratiorem,
484 1746 560 1794 nam
583 1722 657 1819 ipse
676 1747 714 1796 se
732 1740 768 1796 et
786 1723 937 1796 fortunas
954 1747 1031 1796 suas
1049 1748 1113 1820 pro

265 1851 322 1908 tua
347 1835 439 1908 omni
466 1836 620 1909 obiectat
641 1837 859 1934 cognatione.
889 1838 1058 1921 Consule,
1078 1856 1113 1911 ut
1130 1860 1159 1895 ¹0

264 1949 337 2023 eius
355 1951 505 2024 consiliis
523 1952 680 2048 pareatis.

264 2160 289 2220 A
303 2165 396 2240 tergo:
410 2161 579 2224 Clarissime
590 2173 620 2222 et
629 2161 876 2242 elloquentissime
886 2163 986 2243 virgini
995 2163 1114 2225 domine

412 2260 488 2319 isote
510 2259 548 2320 de
575 2259 729 2339 Nogarolis
748 2278 801 2320 sue
816 2261 945 2321 omnium
960 2260 1114 2322 collendis-

410 2374 491 2417 sime.

311 2543 320 2603 (
324 2541 345 2602 1)
362 2541 410 2605 lega
424 2542 638 2604 splendidissimo.
673 2543 707 2605 (ι)
722 2544 777 2606 post
790 2546 920 2593 commatri
932 2544 957 2593 in
967 2546 1114 2610 autographo

263 2619 421 2749 aptandas!
441 2630 467 2670 et
490 2629 543 2671 tuo.
577 2621 612 2684 (8)
633 2623 688 2685 post
703 2623 841 2685 precordia
862 2623 924 2673 dces!
940 2626 1016 2674 habet
1033 2625 1069 2675 ui
1083 2626 1113 2676 si·

331 2714 346 2764 q
390 2736 396 2748 .
